2708 4682
192 349 525 421 conspectus
576 347 962 402 VEGRMTIONIB
1072 349 1156 396 Lxru

41 557 118 602 sus
152 537 412 634 occidentem
443 522 679 626 persequentes
712 537 754 601 ad
779 495 1058 608 cratonem-hanc
1082 555 1157 623 per·
1231 539 1243 562 ³
1351 595 1352 634 ζ

39 659 225 704 ueniamus.

151 737 444 804 vermalandia
474 737 701 806 orientalis
734 742 870 827 ejusque
897 743 1000 826 magia
1029 737 1178 806 elevatas
1213 767 1222 774 ·

39 863 141 927 pars·
164 839 215 904 vel
245 843 477 907 serrinrontana
508 863 575 908 non
605 842 690 908 rnale
725 845 761 910 in
793 845 879 906 serie
908 845 980 925 jam
1009 845 1156 930 quaesita

41 942 307 1029 praecedentem·
321 947 488 1031 regionem
514 967 586 1009 cmn
609 927 820 1032 sequentihus
844 945 1015 1010 connectit.
1043 943 1158 1008 Paullo

42 1067 147 1130 supra
179 1049 349 1111 terminum
387 1044 534 1124 Quereris
569 1051 694 1133 posita=
713 1048 774 1111 vix
806 1045 891 1110 ultra
925 1049 1001 1132 361,
1032 1047 1158 1130 species

45 1144 203 1224 exhibet,
245 1170 378 1234 quarum
420 1148 490 1212 sere
525 1147 634 1212 nullae
665 1146 901 1226 occidentales,
945 1148 1004 1211 sed
1039 1144 1159 1210 multae
1265 1133 1291 1200 f

45 1247 163 1312 saltent
188 1250 417 1326 intermediae,
446 1239 488 1313 ne
514 1251 618 1313 dicam
644 1247 820 1338 orientales
844 1253 1043 1334 pinguiores,
1072 1261 1160 1326 sunt,

44 1362 84 1413 ut
104 1348 402 1437 Plantagines,
424 1349 690 1437 Alopecurus
712 1353 945 1434 pratensis,
967 1349 1159 1434 Dactylia

42 1454 166 1538 magud
197 1455 310 1538 copiai,
351 1447 390 1541 et}
413 1473 480 1515 non
521 1472 642 1538 paucae
672 1447 925 1528 Norrlandicne,
954 1465 990 1514 ut
1021 1449 1159 1516 C‘arex
1198 1487 1204 1492 -

43 1550 310 1639 globnlaris‚
343 1549 514 1618 Phleum
544 1552 742 1638 alpinum,
775 1549 848 1615 beio
874 1555 1044 1616 terminum
1068 1570 1161 1618 suum

44 1651 297 1720 meridionalem
329 1651 496 1719 babentes.
557 1653 708 1719 Cetenrm
742 1656 853 1740 inopia
886 1653 983 1739 hujus
1016 1656 1162 1739 regionis

45 1760 149 1820 etiarn
172 1757 275 1818 oritur
297 1777 316 1818 a
338 1759 479 1824 maxime
502 1754 659 1840 sylvatica
678 1769 797 1838 ¹natura
823 1777 951 1843 quoque
973 1753 1160 1820 Anthon-

40 1855 218 1920 ,authum
252 1855 466 1938 excludente,
502 1881 574 1926 eum
610 1872 722 1922 centra
755 1858 796 1921 ad
824 1859 961 1922 euirdern
989 1861 1160 1922 terminum
1234 1927 1251 1938 ‚

48 1963 82 2020 in
113 1957 326 2024 Vestmannia
351 1981 407 2024 ex.
433 1983 482 2046 gr.
519 1963 559 2025 ad
587 1957 858 2045 Skinskutteberg
887 1958 928 2023 ob
952 1960 1070 2036 fluvios
1093 1983 1161 2025 ιιιιι-

37 2064 136 2144 jores
171 2059 273 2124 multo
307 2063 412 2148 magis
446 2075 644 2148 campestres
667 2061 798 2146 plantae
822 2083 877 2124 ex.
900 2083 948 2146 gr.
975 2059 1160 2146 Lychni's

45 2163 265 2241 Visceria,
291 2162 500 2228 Gentiana
521 2165 789 2246 campestris,
812 2161 1075 2226 Scorzonera
1096 2161 1161 2227 hu-
1196 2235 1201 2248 Ι

41 2263 162 2330 milis
186 2263 315 2328 adsunt.
369 2264 474 2328 Etiam
500 2265 535 2327 iu
559 2261 791 2330 Verrnelandia
818 2263 926 2326 media
958 2264 998 2327 ud
1021 2263 1162 2328 lllarelf-

41 2368 305 2454 r·en,vegetatio
341 2364 443 2432 multe
478 2368 584 2452 magis
611 2365 800 2452 campestris
825 2365 949 2441 eradit,
984 2365 1042 2428 sed
1065 2363 1161 2431 simul
1250 2430 1253 2440 ,

43 2457 269 2532 ιιιιιοιὶοιόιι.
292 2490 341 2553 gr.
370 2467 558 2552 Datylidem
584 2490 665 2533 rnox
695 2468 857 2532 amittens
910 2467 946 2533 Si
970 2467 1100 2554 plantae
1128 2490 1161 2533 e-

37 2572 98 2654 jus
123 2572 227 2656 magis
254 2584 451 2656 campestres
476 2571 723 2634 adnumeremus
739 2569 1007 2661 praecedentibus
1022 2569 1160 2636 Venne-

41 2669 164 2735 landitc
190 2671 358 2736 orientalis
384 2671 517 2760 plantio,
541 2677 645 2738 oritur
669 2693 823 2737 numerus
846 2669 1089 2758 vegetabilium
1110 2686 1160 2738 to-

43 2775 114 2838 tius
145 2771 386 2845 Vermelandiae
414 2776 542 2840 circiter
572 2777 657 2840 390.

149 2873 184 2943 Ν
194 2873 409 2944 orrlandia
435 2877 609 2943 stationem
633 2879 793 2966 quandam
816 2891 929 2944 nostro
956 2898 1055 2966 scopo
1082 2881 1163 2946 sutis

41 2979 201 3044 idoneam
225 2979 338 3044 forsan
362 3000 428 3043 non
455 2979 568 3056 offert;
596 2983 705 3067 itaque
730 3003 810 3047 rnox
834 2981 874 3045 ad
894 2975 1028 3047 alteram
1052 2995 1163 3046 extre·

37 3085 190 3150 mitatem
220 3083 320 3145 totius
345 3083 440 3168 regni
467 3084 649 3170 transgredi
676 3081 784 3148 liccat.

144 3184 407 3270 Lapponiam
430 3158 697 3271 sylvaticarn,
728 3179 857 3274 qualem
880 3187 921 3254 ad
938 3185 1164 3252 orasinlerio-

37 3309 96 3354 res
118 3284 175 3351 vel
199 3289 382 3351 exteriores
402 3286 573 3354 laentum
546 3309 631 3354 orrea
646 3309 702 3352 ex.
720 3310 770 3374 gr.
786 3287 962 3374 Arjeplog,
982 3259 1171 3355 Jocknrock

40 3389 128 3474 (scil.
146 3401 318 3478 antequam
333 3392 366 3454 in
383 3388 632 3477 subsylvatiearn
650 3389 765 3454 abierit
779 3389 833 3456 rel
849 3393 945 3456 etiarn
960 3390 1117 3476 subalpin
1111 3410 1164 3454 un

40 3504 191 3556 naturam
216 3494 420 3578 assumserit)
442 3495 596 3570 assistit,
621 3491 1075 3579 considerantes,reperimus
1090 3512 1164 3556 eam

40 3595 104 3658 vix
136 3593 222 3659 ultra
239 3603 241 3608 ’
258 3598 333 3662 269
366 3597 494 3682 species
530 3592 669 3673 babere,
708 3616 845 3682 quarum
875 3617 992 3682 magna
1021 3615 1097 3681 pars
1127 3594 1164 3656 in

40 3693 217 3784 paludibus
245 3696 313 3762 lero
333 3693 424 3764 latet.
467 3695 565 3762 Hunc
594 3717 764 3764 numerum
783 3699 957 3762 minimum
980 3695 1164 3784 plantarum

40 3801 80 3862 in
118 3795 281 3880 sylvaticis
319 3798 512 3888 regionibus
545 3797 715 3867 obviarem
751 3821 826 3864 esse
859 3819 925 3864 nou
959 3797 1164 3874 dubitamus;

38 3919 119 3967 narn
144 3905 247 3988 magis
271 3923 388 3996 eersps
414 3903 505 3992 alpes
528 3903 660 3994 plantae
681 3903 823 3992 alpinae,
851 3919 1022 3968 nnmerum
1043 3917 1165 3996 {erigena
