2708 4682
210 363 279 408 xuu
480 336 825 409 consvscrus'
865 361 1022 408 accur

95 591 97 596 -
201 561 242 612 let
271 559 441 632 praeterea
473 567 602 634 qnoque
636 559 703 610 tote
730 546 843 629 Legae
867 543 960 629 regie
985 544 1048 628 ipsi
1074 541 1163 606 lacni
1191 540 1313 605 Verte

205 652 346 736 ejusque
368 651 453 733 parti
475 646 702 712 Smolandicae
721 649 821 712 arenis
843 649 903 710 stul
922 643 1049 724 volatili
1072 643 1224 728 Elyma
1255 662 1345 721 uret,

203 755 330 816 *nario
357 753 444 814 teetd
469 766 534 813 tam
554 748 695 834 analoga
719 760 780 825 est,
806 759 842 810 ut
869 750 927 810 vix
953 746 1086 812 dubium
1106 750 1163 824 sit,
1190 745 1283 810 heic
1310 726 1344 845 *l

206 855 334 938 Legem
378 851 515 918 Vettero
556 850 755 916 simillimum
796 849 901 914 lacum
930 848 1105 934 aliquando
1134 851 1336 919 exstitisse,

208 951 346 1042 euinque
384 955 506 1018 lorsan‘
532 967 608 1016 tune
648 955 683 1016 in
713 950 814 1036 longe
841 951 939 1016 uliam
965 953 1200 1028 directionem,
1236 975 1347 1036 quan¹

209 1059 303 1144 Lnga
323 1058 393 1140 jem
416 1068 535 1132 servat,
561 1053 632 1118 scil.
655 1055 823 1118 meridiem
845 1074 886 1116 ue
903 1053 1016 1134 *dicam
1037 1057 1200 1118 orientem
1217 1039 1353 1117 versnr'l

179 1147 268 1246 xper
301 1155 431 1242 Helgeti
463 1178 501 1220 se
532 1171 752 1220 evacuantem.
785 1192 837 1204 --
870 1155 1046 1240 Postquam
1072 1159 1120 1220 sic
1148 1160 1339 1242 vegetatio-

206 1283 286 1328 nem
322 1257 556 1324 oecidentalem
596 1241 759 1344 cognitam
795 1257 996 1322 reddidimus
1032 1270 1066 1322 et
1105 1256 1159 1322 illi
1199 1253 1353 1345 quoquc*

206 1364 441 1447 adscripsimus
474 1359 747 1426 Narthecium
780 1359 1055 1444 ossifragam,
1094 1357 1338 1426 Convelle-

209 1469 312 1530 riam
353 1462 675 1540 verticillatam,
722 1463 936 1546 Satyrium
972 1459 1177 1540 albidum,
1220 1460 1349 1533 simul-2

209 1590 274 1655 que
307 1567 504 1632 Gothiam
534 1585 682 1628 versus
715 1565 978 1652 occidentem
1012 1565 1260 1651 quodammodo
1295 1558 1353 1685 in}

209 1673 386 1746 nevimus,
409 1665 622 1753 procedamus
648 1667 690 1730 ed
709 1664 807 1750 hujus
829 1666 1125 1736 considerationem
1140 1667 1352 1761 specialemp

238 1835 241 1848 ,
315 1773 351 1856 3)
376 1766 531 1836 Gothia
561 1787 710 1832 versus
735 1767 999 1832 occidentem
1033 1765 1352 1864 (thbcatantl

79 1933 80 1936 ,
211 1884 291 1940 mot
312 1869 463 1953 cester)
499 1890 601 1956 aquas
633 1889 712 1934 suas
739 1871 823 1934 mari
854 1863 1048 1936 occidentali
1078 1870 1233 1945 mittens,
1281 1865 1351 1930 eas

91 2246 94 2256 Δ
213 2175 350 2242 Venere
380 2176 525 2266 colligit,
560 2190 597 2242 ut
625 2179 732 2264 magis
765 2179 958 2261 conjunctae
989 2199 1050 2262 per
1074 2174 1247 2242 Gliths-ell
1272 2193 1339 2236 ex-

211 1987 319 2042 tamen
354 1969 544 2060 plerasque,
576 1975 675 2038 etiem
707 1993 728 2036 a
749 1970 907 2038 limitibus
931 1971 1159 2058 praecedentis
1184 1971 1337 2056 regionis
1350 2001 1353 2054 p

210 2073 419 2160 principalis,
457 2078 597 2162 primum
627 2077 664 2139 in
693 2073 800 2140 laeum
830 2095 925 2140 suum
946 2076 1129 2168 maximum
1152 2071 1336 2140 centralem

213 2294 300 2344 eant.
352 2278 416 2344 His
437 2285 531 2367 aquis
552 2281 707 2346 maximis
732 2278 797 2345 sibi
819 2279 1022 2345 intermediis
1043 2299 1173 2372 quoque
1192 2279 1227 2341 iu
1247 2269 1339 2367 pro-

210 2385 338 2450 vincias
364 2383 512 2447 diversas
536 2393 712 2467 sequentes
738 2379 932 2446 subdicitur.

136 2481 140 2492 ’
320 2482 665 2571 Vestrogotlriam
692 2485 833 2568 primum
858 2481 973 2548 harum
999 2481 1233 2551 nominandam
1256 2500 1351 2545 esser

212 2605 281 2658 nen
312 2576 515 2665 dubitamus,
555 2587 631 2673 quia
659 2581 894 2670 Ostrogothiae
924 2593 1077 2672 opposita
1106 2587 1151 2651 sit
1180 2596 1217 2649 et
1242 2545 1353 2647 oraml

211 2690 357 2760 maxime
380 2687 522 2755 fertilem
547 2702 581 2753 et
607 2707 710 2774 squas
735 2691 881 2753 nrinores
906 2709 927 2752 a
948 2690 1084 2754 meridie
1109 2690 1335 2775 excipientem

211 2789 304 2870 lepris
331 2789 466 2858 Venern
489 2791 656 2857 constituit
681 2787 751 2873 (ubi
778 2789 955 2856 Genista
979 2791 1212 2878 tinctoris),
1242 2757 1353 2867 deni-l

212 2915 276 2980 quc
307 2915 423 2981 aquam
456 2897 529 2978 ejus
561 2913 692 2957 omnem
723 2892 764 2956 ad
785 2913 875 2958 mare
901 2913 1005 2981 utque
1031 2893 1185 2960 conducit
1207 2875 1353 2979 (ibiquel

138 3043 140 3053 ι
212 2995 489 3066 Senecionem
526 2996 765 3081 aquaticum
812 2997 952 3083 recipit).
1025 2993 1149 3082 Magna
1186 2969 1353 3100 ceterum?

210 3107 290 3186 pars
324 3099 409 3164 inter
439 3096 662 3163 Smolaudiam
695 3108 729 3160 ct
760 3095 970 3164 Hellaudimn
995 3098 1066 3164 iere¹
1086 3102 1213 3163 intrusa
1241 3098 1334 3163 hisee

210 3202 390 3286 provinciis
416 3203 550 3266 nimium
570 3197 686 3264 similis
708 3212 760 3264 est
781 3199 942 3289 sirnulqne
962 3203 1097 3266 nimium
1119 3222 1267 3268 mamam
1283 3221 1332 3265 oc·

164 3317 167 3324 ’
213 3302 408 3374 cidentalem
433 3303 673 3390 vegetationem
693 3298 801 3368 habet.
838 3299 948 3390 Magis
971 3303 1141 3370 orientalis
1165 3305 1242 3388 ejus
1257 3321 1334 3392 pers

212 3425 330 3482 versvs
362 3403 502 3472 Vettern
536 3407 600 3470 situ
624 3403 693 3468 fere
716 3418 753 3468 ut
777 3403 967 3472 Smolnndia
996 3409 1104 3473 media
1127 3403 1333 3494 Laserpi-

213 3507 315 3574 tinm
357 3505 610 3584 latifolium,
656 3505 943 3576 Athamantem
975 3509 1219 3576 Libanoten
1256 3530 1333 3576 eon·

129 3623 130 3630 ’
214 3621 342 3688 nervat,
365 3612 424 3676 sed
449 3609 553 3678 adhuc
576 3614 681 3696 magis
704 3611 873 3676 orientalis
898 3614 1063 3699 vegetatio
1091 3633 1147 3678 ex.
1172 3633 1223 3699 gr.
1255 3611 1331 3679 Me·

214 3701 401 3798 lampy‘ro
424 3733 645 3784 nemoroso
669 3712 810 3778 indicata
829 3713 947 3780 nullibi
970 3715 1172 3780 ohecrvamr.

318 3813 619 3893 Vermelandia
655 3814 824 3880 orientalis
858 3831 971 3904 utpote
999 3817 1157 3885 Svecite
1186 3839 1263 3904 per·
1290 3838 1329 3884 se

213 3920 414 3992 contermina
435 3941 565 4014 quoque
585 3929 738 4008 respectu
760 3922 978 4008 vegetationis
1003 3923 1045 3994 ud
1069 3943 1141 3994 earu
1163 3919 1263 3990 valde
1281 3942 1330 3990 ac·

553 4109 604 4138 «22
1214 4153 1217 4164 .
1350 4016 1352 4120 t
