2716 4680
479 351 655 428 FUNGI
1035 351 1109 453 965

24 573 95 640 ⁰29·
123 549 355 618 HYDNUM
385 551 614 620 corallensis
635 550 902 620 ramosissimum
928 553 1125 623 candidum
1160 547 1162 552 ’

85 633 234 703 deinum
257 639 446 710 lutescens‚
470 639 572 703 ramis
596 637 760 704 istricatis
782 641 961 704 attenuatis
981 642 1111 706 aculeos

85 723 315 792 uniluterslcs
355 725 518 844 gendulos
554 723 758 810 gerentibus.
825 725 924 813 Scep.
957 749 1049 791 carn.
1102 773 1112 793 .

83 809 163 898 472.
212 807 369 876 Sowerb.
396 812 515 876 1151.
560 809 758 895 (Trattinn.
782 809 884 900 fuirg.
906 833 970 876 esc.
988 833 1023 897 p.
1041 747 1113 879 rid.

86 906 112 962 t.
137 895 181 964 Ζ.
231 895 438 985 uercinum).
484 893 620 961 Swartz
642 896 666 962 l.
684 920 713 961 c.
730 915 768 982 p.
792 899 866 970 252.
913 896 1013 962 Fries
1035 907 1114 982 syst.

89 1006 120 1047 1.
142 1004 181 1069 p.
212 983 216 988 ’
256 981 290 1047 8.

45 1067 135 1134 Hab.
173 1067 221 1131 ad
261 1077 400 1133 truncos
430 1061 583 1153 putridos
617 1063 792 1150 Quercus,
826 1064 909 1154 Fagi
929 1077 963 1131 et
982 1063 1114 1132 abietis

89 1151 225 1218 Sveciae
249 1149 511 1254 temperatioris,
530 1150 632 1218 etism
645 1149 792 1241 Upsaliae
804 1150 842 1217 in
853 1151 1117 1240 Liljeconvaljs-

84 1239 224 1316 holme,
261 1260 386 1305 rarius.

48 1327 246 1389 Fruticulum
265 1328 363 1388 refert
378 1339 471 1401 sseps
486 1324 698 1405 magnitudinis
715 1325 821 1406 capitis
836 1325 1029 1386 unicolorem
1045 1347 1115 1386 car-

23 1435 114 1474 rosnm
143 1425 184 1493 ct¹
200 1414 332 1474 edulem
356 1409 491 1472 brevitor
515 1411 709 1487 duraturum
738 1412 830 1474 ramis
848 1411 968 1474 inferne
988 1413 1116 1494 digitum

23 1522 137 1581 superne
170 1503 332 1562 calamum
360 1495 486 1569 crassis,
514 1517 532 1556 a
557 1517 589 1558 se
609 1498 741 1560 invicem
761 1498 943 1580 plerumque
964 1501 1043 1561 bene
1067 1491 1116 1560 έο-

23 1589 131 1664 nrstis:
160 1588 286 1650 aculeis
307 1602 467 1648 ramorum
488 1579 635 1644 diametro
659 1585 781 1646 demum
801 1585 991 1666 longioribus
1003 1588 1115 1664 barbo-s

23 1673 116 1732 11-
134 1675 233 1755 Apud
259 1695 320 1734 nos
341 1673 407 1734 lere
428 1667 495 1728 sole
512 1673 644 1731 varietas
657 1673 788 1732 abietins
810 1693 972 1736 occurrere
983 1674 1114 1741 videtur.

23 1773 100 1839 2050.
131 1771 362 1841 HYDNUM
383 1774 574 1840 leoninum:
605 1773 925 1864 contortuplicetum
952 1795 1116 1844 carnoso-

89 1855 262 1925 {ibrosum
285 1859 484 1933 flavescens.
509 1860 608 1947 plicis
625 1860 729 1927 acutis
751 1860 1016 1948 asperis'subtus
1030 1884 1115 1926 ocu·-

90 1945 161 2011 leos
195 1945 360 2012 barbatos
382 1947 630 2012 exserentibus.
676 1943 775 2010 Fries
796 1957 879 2034 syst.
902 1969 932 2012 1.
955 1969 992 2033 p.
1012 1947 1089 2014 411.

53 2029 139 2128 Hali.
166 2032 203 2096 in
228 2031 395 2182 Sda‘ffibus
418 2031 565 2099 detonsis
587 2051 642 2098 ex„
662 2051 712 2120 gr.
734 2031 884 2120 Upssliae
908 2053 986 2098 cum
1005 2034 1116 2120 Aga·
1199 2051 1203 2062 ¹

92 2139 187 2182 rrco
210 2141 230 2181 a
271 2141 284 2180 1
326 2137 409 2182 oso.
1036 2173 1038 2178 .

58 2203 221 2266 Constituit
240 2141 336 2265 tabiis
356 2203 496 2264 dillorme
516 2203 672 2267 interdum
694 2203 803 2284 eapitis
819 2203 1044 2284 magnitudinis,
1067 2205 1117 2266 in-

25 2295 63 2348 tus
86 2313 175 2352 carne
206 2293 358 2352 continno
381 2292 466 2350 lenta
493 2291 576 2353 olida
604 2291 680 2374 (fere
700 2301 736 2351 ut
757 2291 831 2352 dicti
851 2291 999 2374 Agarici),
1027 2302 1117 2352 extus

23 2376 97 2452 plicis
121 2378 390 2439 numerosissimis
411 2395 522 2458 parum
540 2378 783 2462 prominentibus
803 2378 927 2439 deinum
949 2381 1119 2442 solumne-i

25 2461 60 2518 do
77 2465 278 2526 interstinctis
302 2466 394 2526 barba
417 2463 531 2526 aculeis
554 2467 726 2526 constituta.
773 2463 867 2525 Color
888 2475 919 2528 et
936 2463 1011 2528 haec
1024 2465 1117 2528 barba

23 2547 80 2606 fere
97 2552 243 2613 leonis.
441 2549 444 2554 ’

25 2631 106 2716 soit.
136 2635 356 2704 HYDNUM
384 2633 591 2732 strigosums
621 2633 714 2723 pileo
737 2633 899 2702 suberoso
918 2657 1037 2722 aspero
1061 2633 1118 2723 ni,
1169 2663 1173 2670 ·

96 2735 294 2806 gresconte,
344 2719 471 2786 aculeis
501 2719 610 2830 longis
639 2718 765 2786 strictis
802 2720 1118 2788 subconcolor·ibus;

97 2813 235 2876 Swortz
258 2807 283 2875 l.
307 2831 334 2874 0.
355 2829 391 2894 ρ.
416 2807 487 2872 250.
538 2806 640 2872 luiss
662 2817 746 2894 syst.
769 2817 855 2894 up.
872 2803 947 2872 414.

59 2887 140 2956 Hab.
173 2893 212 2959 in
241 2891 372 2958 truncis
401 2892 564 2959 arborum
594 2891 834 2968 t'rondosarum
862 2887 1120 2960 101111011οἰ1-

98 2975 229 3047 ciorum
254 2975 527 3044 8110111111111101
551 2999 637 3043 raro.

60 3057 131 3123 Piloi
156 3069 209 3130 vel
236 3067 366 3127 solitarii
387 3065 439 3126 vel
461 3074 576 3124 tantum
600 3065 814 3146 approximati.
858 3064 1034 3131 Substantia
1056 3073 1119 3126 tota

27 3143 192 3216 duriuscule
225 3154 354 3233 strigoso
373 3151 575 3232 implicationi
595 3152 693 3212 multo
711 3153 813 3213 minus
832 3163 902 3237 apta
922 3174 1011 3242 quam
1029 3173 1120 3234 prac-

27 3234 159 3298 oedeutis.
206 3241 352 3301 Ceterum
383 3259 517 3298 anrnrnnr
550 3247 609 3314 est,
641 3247 677 3298 ut
707 3241 865 3322 pleraque
882 3239 1007 3322 Hydna,
1041 3259 1118 3324 quoe

28 3318 115 3384 saltim
137 3345 153 3386 e
173 3337 269 3388 strato
293 3325 495 3387 fructificante
517 3343 637 3385 novum
658 3321 786 3389 stratum
806 3337 841 3386 ut
860 3323 961 3387 Boleti
979 3325 1119 3408 paralleli

28 3403 107 3468 edere
127 3433 189 3475 non
210 3423 350 3494 possunt.

29 3489 113 3560 2052.
139 3495 358 3564 HYDNUM
384 3503 570 3582 argutum:
601 3491 748 3562 effusum
770 3507 978 3567 crustassum
1003 3495 1119 3562 candi-

102 3577 181 3648 dum
206 3584 416 3737 glugcenm,
441 3579 560 3648 aculeis
580 3581 727 3672 obliquis
750 3584 868 3656 sc'utis.
913 3585 1012 3652 Fries
1034 3590 1118 3670 synt.

106 3685 136 3730 1.
183 3709 192 3731 .
236 3689 255 3739 2

65 3689 208 3819 Habpin
229 3752 360 3822 truncis
382 3751 520 3820 cariosis
543 3751 681 3820 Betulae.
1190 3819 1191 3826 χ

69 3831 169 3899 Grues
198 3843 266 3924 ejus
295 3851 331 3904 ut
361 3835 512 3906 densioris
537 3841 720 3906 substantiae
743 3841 787 3904 its
811 3849 842 3901 et
860 3841 955 3923 magis
974 3835 1122 3900 deterriti-¹

34 3917 109 4002 nais,
135 3943 224 4013 saepe
248 3931 335 4015 qussi
355 3926 538 4012 dendritica,
566 3939 597 3994 et
619 3929 719 3993 aculei
741 3928 903 3992 sorderes·
1005 3949 1008 3960 ·
