2708 4682
117 465 123 474 ·
230 443 290 500 osv
516 415 851 492 'oossnsostts
902 439 1055 486 nauus
1313 387 1343 688 'p

220 607 301 696 'tum
329 611 385 694 eu¹
400 619 495 692 dietis
516 625 635 696 insulis
658 629 693 694 in
719 623 879 704 Sennium,
903 643 1017 690 verum
1041 623 1137 690 etlam
1167 620 1313 688 evam

162 723 168 728 ’
232 729 347 820 gothia
380 727 582 797 transitionis
618 733 653 794 in
686 747 762 792 orus
795 723 948 794 Bahusiae
976 740 1009 790 et
1033 723 1220 790 Hallandiae
1249 739 1343 791 nans

232 832 300 900 lata
329 829 489 902 videntur.
545 827 639 898 Maro
671 831 844 918 praecipue
868 831 905 896 in
930 827 1179 915 transportendo
1202 839 1240 892 et
1266 852 1344 908 com

232 934 427 1002 munionndo
466 935 611 1003 ιιιιιιιίιιιι
649 925 768 999 efficat
805 951 880 998 esse
919 927 1147 1008 observamus,
1188 952 1268 996 oum
1300 921 1344 1000 vel

232 1033 345 1104 hionlo
380 1055 441 1102 suo
473 1031 762 1102 eommuni'or'eui
785 1035 896 1100 autur.
948 1031 1004 1098 Sic
1029 1030 1159 1118 plotas
1186 1029 1344 1098 calcareas

232 1142 270 1205 iu
305 1152 407 1205 mena
432 1137 592 1206 'looorum
627 1134 723 1202 vuldo
761 1157 782 1201 a
818 1135 908 1228 coloe
943 1134 1130 1200 dissitorum
1168 1155 1273 1220 saepe
1304 1155 1344 1198 re

218 1232 381 1328 „perimus
413 1260 469 1308 ex·
499 1261 550 1328 gr.
574 1222 757 1310 Gotlandita
779 1234 1008 1328 Diauthum
1032 1235 1294 1323 prolileru'm
1320 1245 1344 1298 et

112 1361 114 1368 ·
234 1341 447 1409 lherirlem
486 1355 682 1430 patrnam
717 1344 751 1407 in
782 1361 882 1407 arena
910 1339 1039 1406 Scaniae
1063 1335 1117 1402 ‘ad
1141 1335 1345 1422 siseberga,

234 1425 419 1522 Gotlandito
459 1456 493 1509 et
529 1442 700 1512 ostendis
737 1439 1048 1530 Gypsophilant
1087 1440 1345 1526 fastigiatam

234 1549 334 1612 etiam
358 1549 394 1612 in
417 1547 576 1612 interiore
604 1546 723 1612 Soanla
743 1547 841 1613 immo
864 1541 1062 1610 Daleonrlia.
1113 1540 1228 1608 Minus
1247 1545 1345 1628 itaque

235 1652 370 1728 mirum,
410 1647 537 1714 Sounion
575 1645 786 1712 Iberirlem
825 1644 1105 1725 malleoniam,
1145 1643 1345 1728 Myosoti·

236 1751 325 1816 rlem
348 1747 660 1816 versioolorom
684 1750 803 1814 atain
828 1745 979 1814 Bubasius
1004 1745 1087 1812 loeis
1112 1745 1281 1818 similibus
1303 1745 1345 1810 ali

237 1850 367 1940 parando
392 1848 497 1916 lectas
519 1871 605 1930 esse,
630 1862 664 1915 et
686 1852 735 1918 sio
757 1851 792 1914 in
808 1851 936 1914 ueteris.
963 1847 1046 1914 Cum
1058 1869 1160 1912 arena
1174 1845 1216 1913 ab
1232 1851 1346 1913 exserit

220 1956 335 2020 terris
372 1955 512 2038 primum
554 1952 728 2018 advenisse
760 1951 888 2018 videtur
923 1949 1144 2036 Medicago
1181 1953 1346 2018 minius

238 2071 301 2122 eto.
352 2052 424 2122 Neo
452 2053 729 2133 obliviscendum,
762 2075 891 2126 omnem
923 2073 1054 2118 arenam
1078 2051 1132 2117 vel
1159 2064 1284 2118 terram
1310 2055 1346 2118 lit·

238 2153 383 2227 tornlem'
409 2156 548 2224 calcaret
582 2156 660 2246 quid
695 2177 740 2221 ex
769 2157 921 2222 testaceis
952 2157 1158 2221 oosrrmiuutis
1191 2158 1257 2222 orti
1286 2179 1346 2221 eoo

239 2265 356 2326 tinere.
423 2257 627 2350 Quamquam
672 2261 914 2354 vegetationem
957 2255 1047 2324 illum
1086 2259 1249 2345 propriam
1293 2257 1346 2323 cal

240 2366 272 2429 ci
304 2365 508 2432 mannitionis
548 2361 740 2449 praesertim
780 2359 968 2440 tribuimuS,
1008 2375 1117 2424 tumen
1153 2361 1250 2426 etiam
1284 2359 1347 2427 eall

238 2465 423 2553 primitiva,
459 2459 518 2528 ubi
540 2462 608 2530 late
629 2473 738 2549 patet,
768 2459 905 2528 eandem
929 2466 1168 2550 vegetationem
1191 2483 1347 2528 assumes

240 2579 369 2656 potest,
402 2585 459 2632 ex.
482 2581 532 2653 gr.
559 2564 602 2631 ad
631 2561 800 2652 Virdloge
825 2562 1080 2632 Anemonem
1102 2577 1347 2652 pratensem

185 2701 188 2712 ·
241 2667 333 2736 Alibi
357 2665 490 2759 plantae
516 2663 682 2740 menresa
709 2666 746 2730 in
767 2663 852 2732 loeis
872 2665 1034 2736 ruderarie
1058 2669 1284 2755 acquiescunt,
1312 2691 1347 2736 ou

240 2775 296 2858 jus
324 2766 514 2860 exemplum
544 2771 588 2835 sit
610 2764 953 2858 Lithospetmnm
979 2767 1236 2854 oiiioinale,
1263 2767 1347 2838 Cas

244 2861 542 2944 duusn‘utuns.

349 2971 492 3052 Quando
522 2977 593 3061 lam
624 2973 666 3042 de
690 2995 789 3043 eausa
815 2971 977 3044 materiali
1008 2975 1229 3064 vegetationis
1254 2999 1347 3046 serm

246 3089 315 3156 est,
346 3079 444 3143 etiam
463 3077 733 3146 considerandum
756 3078 960 3156 crediderim,
986 3091 1139 3167 quantum
1161 3081 1347 3167 vegetabili

243 3186 279 3246 in
312 3177 477 3248 littoribus
511 3183 610 3248 maris
638 3193 752 3247 uonna
769 3179 878 3250 ,olima
904 3179 959 3246 vel
984 3185 1174 3271 temperiem
1198 3187 1290 3250 aeris
1317 3183 1347 3249 lu

245 3285 327 3348 atari
359 3283 549 3364 videantur,
575 3295 608 3348 et
630 3295 801 3374 qnantum,
827 3303 895 3350 uon
916 3295 1040 3350 tanturm
1064 3283 1266 3374 vegetabilis
1289 3306 1347 3374 pro

244 3389 318 3474 prio
350 3384 440 3452 salsa
473 3385 515 3452 arl
541 3385 653 3454 littora
678 3390 776 3454 maris
803 3405 918 3453 versus
948 3391 1203 3476 septentrionem
1225 3389 1347 3456 adseeu

245 3489 324 3556 dant
350 3485 483 3576 longius
516 3511 613 3578 quarn
643 3487 740 3556 elima
772 3489 974 3576 pemriserit,
1011 3491 1254 3560 verumetiam
1280 3491 1347 3560 alin

245 3591 381 3682 plantae¹
403 3612 471 3658 nou
494 3591 573 3658 alibi
598 3593 798 3670 maritimas,
824 3595 921 3659 immo
947 3595 1044 3660 etiam
1069 3590 1206 3659 arbores
1230 3615 1293 3662 ex.
1319 3619 1347 3684 gr

247 3693 380 3758 Alnus
402 3691 644 3781 glutinosa,
669 3692 867 3782 Hippophao
892 3696 1031 3785 lenique
1051 3698 1232 3768 maritimae
1260 3703 1347 3764 omui

245 3817 292 3860 no
319 3795 459 3862 evadunt
483 3809 516 3861 et
541 3797 583 3862 ad
603 3795 713 3864 littora
737 3798 836 3863 moris
860 3800 1112 3885 septentrionem
1132 3817 1252 3864 versus
1270 3783 1347 3890 puro

181 3935 185 3946 ·
249 3913 392 3984 serpant.
458 3896 654 3964 Praesertim
693 3900 804 3964 variae
843 3897 975 3985 plantae
1008 3897 1169 3967 australes
1203 3899 1347 3970 delectas

130 4037 137 4064 ι
249 4002 401 4068 videntur
424 4003 509 4068 mari
535 3999 596 4067 illo,
625 4001 872 4096 septentrionali
900 4016 1013 4072 nostro
1037 4021 1201 4094 uunquam
1228 3985 1347 4100 oongla
