2716 4676
395 219 399 228 ·
423 165 681 278 Pomorum
954 217 1011 302 ιε]

104 339 162 454 G.
188 379 381 456 urbanum.
402 383 443 476 β.
477 382 708 458 sormunt.
736 423 789 440 -
819 377 847 464 i·
874 389 983 462 Walrl.
1028 395 1050 463 i.
1068 418 1095 468 c.

109 499 166 570 G.
195 498 329 574 rivale!
355 503 393 587 β.
426 505 550 600 Srring.
579 506 612 574 in
641 503 719 574 Dec.
749 505 873 574 Prodr.
893 531 930 596 p.
957 505 1040 581 551.

102 613 153 688 b.
180 616 225 689 G.
249 619 401 692 hirtum.
437 619 566 696 Walrb.
589 621 685 694 Goth.
701 647 740 716 p.
759 619 821 693 60.
848 646 889 692 ex
905 621 1071 700 Auctore!

154 735 227 808 Per
260 737 453 840 plerasque
486 739 622 810 Sueciae
653 738 908 811 meridionalis
945 745 1093 836 provin-

76 837 167 908 cias
196 839 234 909 iu
261 837 490 912 convallibus
503 839 740 930 calidioribus
761 843 912 942 passim,
932 840 999 912 sed
1015 842 1094 916 ubi·

77 963 165 1036 que
192 964 310 1035 parce.

122 1051 158 1113 E
180 1055 318 1116 semine!
340 1053 465 1117 cultum
480 1064 638 1132 constans,
650 1048 684 1117 &
697 1055 936 1118 characteribus
961 1057 1093 1118 eviden-

16 1135 349 1213 tibusdistinctum,
370 1146 407 1197 ut
429 1137 476 1198 nil
509 1138 635 1215 obstet,
667 1141 744 1220 quin
771 1161 830 1220 pro
855 1142 995 1218 genuina
1017 1159 1092 1222 rpe-

23 1227 77 1281 cie
99 1217 285 1296 habeatur,
306 1220 365 1282 nisi
388 1224 517 1300 parcior
537 1231 722 1304 proventus,
742 1222 784 1282 ob
803 1243 898 1304 quem
922 1220 1093 1302 hybridam

21 1323 103 1364 esse
137 1300 265 1382 prolem
298 1323 428 1377 censeo,
460 1307 620 1382 precipue
652 1323 724 1363 curn
754 1305 869 1384 singuli
892 1303 1093 1364 characteres

18 1390 71 1447 ab
84 1383 223 1444 bacsei
242 1387 284 1445 ab
306 1383 363 1445 illa
384 1386 526 1442 mutuati
551 1393 635 1444 sunt.
678 1383 707 1444 H
732 1386 918 1462 bridttates,
949 1396 987 1446 ut
1005 1386 1094 1468 opti-

21 1491 80 1530 me
105 1464 185 1526 Cel.
204 1467 357 1542 Scheide,
391 1466 480 1544 cujus
505 1463 662 1528 theoriam
684 1407 777 1547 piene
799 1467 992 1548 amplector,
1012 1468 1092 1528 serl-

21 1573 81 1612 em
107 1549 266 1629 stirpium
289 1547 487 1632 peculiarem
515 1557 579 1606 tam
601 1570 619 1608 a
645 1549 808 1632 speciebus
821 1550 985 1632 primariis.
995 1569 1092 1632 quam

22 1631 256 1694 verietstibus
281 1635 407 1692 sistunt.
452 1631 511 1689 Cui
537 1635 694 1711 proximu·
710 1634 750 1692 sil
774 1651 924 1714 presens,
950 1631 1092 1716 biparti-

25 1727 145 1776 untur
168 1717 347 1788 Auctores3
369 1733 438 1772 meo
460 1731 495 1772 es
519 1719 674 1776 sententia
699 1715 742 1774 ad
762 1715 884 1776 tribum
905 1712 962 1776 ors
980 1713 1092 1778 elram

23 1795 196 1884 (floribus
224 1795 432 1867 nutantibus,
478 1798 681 1876 receptaculo
720 1801 921 1879 prominente
932 1795 955 1874 l)
983 1798 1091 1880 potius

52 1899 146 1940 uem
167 1875 204 1938 G·
222 1877 336 1941 serbasti
367 1876 512 1956 (floribus
534 1883 665 1957 erectis,
695 1879 900 1961 receptaculo.
925 1878 1012 1941 houd
1033 1895 1090 1939 co·

25 1907 189 2026 inmuni
202 1959 232 2036 l),
255 1962 412 2044 praeripue
433 1979 504 2020 eum
529 1957 661 2024 florendi
685 1963 847 2042 tempore!
876 1981 949 2022 cum
971 1963 1009 2022 G.
1044 1963 1091 2019 ri-

27 2045 102 2108 vali
132 2043 264 2105 omnino
290 2047 477 2117 convenist3
513 2045 550 2102 ὓ.
572 2043 735 2107 urbanum
770 2047 906 2126 nti-ique
933 2035 1120 2106 serioris·

26 2126 169 2192 diutius
189 2121 293 2188 floret.
316 2159 358 2174 ·-
382 2131 411 2190 A
431 2125 467 2188 Θ.
490 2125 609 2187 urbano
627 2129 734 2190 differt
753 2123 887 2187 floribus
902 2127 1007 2208 rlupln
1019 2139 1090 2185 rnu-

29 2207 167 2270 'nribus
186 2211 336 2285 cernuis;
356 2207 537 2292 petalorum
557 2207 659 2270 forma
682 2229 815 2294 prorsus
838 2211 913 2284 sliu,
939 2209 1088 2282 oborste,

27 2235 108 2356 basi
144 2290 176 2348 in
203 2309 346 2372 unguem
372 2301 541 2354 moratum
578 2296 742 2366 aruncum
774 2289 977 2372 receptaculo
1010 2289 1090 2352 sub·

33 2373 268 2460 prominente3
289 2375 397 2458 calyce
417 2373 573 2455 cuuleque
595 2397 730 2459 superne
753 2373 910 2450 rubente;
927 2373 1011 2434 foliis
1031 2395 1090 2434 sar·

22 2477 73 2540 ·pe
93 2458 244 2528 ternatis,
267 2459 394 2539 stipulis
413 2458 512 2535 magis
536 2459 650 2519 incisis.
694 2459 722 2519 A
741 2455 776 2520 G.
791 2456 887 2521 rivuli
902 2455 1003 2518 herba
1016 2455 1090 2539 psi·

32 2539 172 2612 lidiori3
195 2536 342 2601 caulibus
363 2539 544 2616 altioribus,
567 2541 811 2621 gracilioribus,
834 2540 1012 2620 ungulatis,
1036 2541 1089 2600 in·
1218 2569 1223 2576 ‚

34 2621 131 2682 ferne
151 2621 355 2700 virentibus3
379 2621 507 2704 stipulis
529 2622 703 2699 subovotis,
726 2623 915 2705 pedunculis
936 2620 1088 2701 gracilio-

32 2705 129 2766 ribus
154 2702 329 2786 ealyceque
348 2703 714 2786 eglanduloso-villosis,
745 2705 861 2786 petalis
882 2703 980 2766 luteis
1002 2701 1090 2764 haud

25 2783 265 2865 emergimus,
294 2787 497 2869 receptaculo
520 2807 634 2867 parurn
662 2789 872 2868 prominente.
904 2819 949 2836 -ι
988 2782 1091 2864 Cslyx

34 2881 111 2928 ante
135 2867 380 2948 explicationem
403 2872 743 2944 conice-ocuminatus,
769 2867 1088 2950 pentagonus,laci-

37 2951 101 3010 niis
129 2949 315 3028 longissime
347 2953 535 3014 acuminatis
560 2953 774 3027 trinervibus,
811 2951 962 3032 explicati
976 2946 1088 3010 orelle-

29 3035 84 3099 ¹xis
106 3043 148 3094 ut
179 3039 210 3094 in
234 3031 272 3098 G·
296 3034 443 3113 urbano,
463 3043 555 3095 extus
578 3031 832 3113 rufesceutibus,
860 3037 952 3096 intus
970 3031 1088 3094 livido·

35 3113 296 3180 flavescentibus.
1017 3155 1025 3166 ι

123 3195 198 3264 ors.
224 3219 249 3258 r.
294 3199 409 3261 Varias
432 3197 587 3260 babemus
619 3199 657 3260 G.
688 3199 796 3260 riualis
819 3199 958 3272 torsias,
988 3197 1087 3258 etium

31 3281 111 3366 flurs
141 3285 224 3348 turo
255 3282 382 3358 (Smitlr.
417 3285 496 3344 Brit.
524 3303 552 3342 u.
575 3301 607 3364 p.
629 3281 724 3360 5551,
748 3283 802 3342 sed
823 3302 875 3342 rec
952 3279 1090 3344 euloeo·

40 3365 182 3426 lumnnri
205 3383 276 3424 mos
306 3367 547 3446 dignoscuntur.
590 3363 686 3428 Germ
703 3294 996 3447 mmmmm,
1022 3365 1088 3424 sire

43 3444 113 3512 Coe.
139 3455 290 3512 montana
309 3447 371 3514 III
386 3449 473 3516 Clus.
493 3471 554 3512 oon
578 3458 625 3510 est
649 3449 808 3526 venetus,
832 3448 887 3510 sed
910 3456 1089 3510 monstrosa

39 3531 228 3613 progenies3
259 3551 342 3618 srepe
370 3553 387 3594 c
408 3543 517 3596 centro
538 3531 627 3594 ssoris
645 3531 821 3594 normalem
849 3543 982 3594 enatum
1004 3528 1088 3592 ridi·

41 3629 154 3680 mus.‘
217 3623 221 3634 '

121 3696 196 3764 Οὓς.
220 3719 250 3762 a.
291 3698 331 3762 iu
355 3699 423 3760 Gen
444 3699 539 3762 rivali
562 3699 700 3760 vidimus
718 3698 858 3780 galiata
873 3699 997 3782 Cynipe
1017 3692 1088 3754 for-

42 3779 414 3860 maurissionem
439 3782 607 3868 Bedeguur
627 3783 784 3844 Rusarunr
814 3782 973 3852 analogias.
1023 3773 1087 3835 Pili

41 3859 158 3940 plantae
180 3867 212 3925 in
234 3863 284 3926 bis
306 3869 423 3930 mutati
446 3869 600 3930 simillimi
631 3877 706 3928 sunt
728 3861 880 3948 Phyllerio
899 3863 955 3926 Θεέ
985 3861 1087 3934 Prien,

44 3945 130 4018 quod
149 3968 227 4010 vero
246 3958 284 4008 ut
306 3967 325 4007 a
345 3951 468 4034 Cynipe
491 3974 554 4014 non
577 3953 749 4012 formatum
772 3947 855 4010 nulli
884 3945 976 4028 galiae
1009 3943 1088 4004 insi·
1112 3983 1115 3995 .

45 4021 107 4109 det,
128 4031 186 4098 sed
207 4030 288 4096 tolio
307 4029 503 4100 Eriueorum
532 4053 623 4100 mors
652 4035 852 4118 impressum.
899 4024 1089 4110 Phylleris-

171 4273 186 4308 ἢ
