2708 4682
401 342 410 352 .
920 325 925 348 ι

190 393 269 438 xxrv
329 371 334 396 ¹
389 439 429 462 ·,
557 390 713 436 ιιιιιο
755 389 940 437 onnnrs

105 591 107 602 ·
193 561 303 640 forsan
345 595 411 638 non
449 585 577 645 sextam
609 587 735 662 partem
769 556 917 662 recipere
946 585 1097 662 possein,
1140 589 1176 640 et
1210 589 1314 641 tamen

115 683 118 691 '
166 683 273 742 ‘haee
299 697 376 766 pars
401 674 477 740 libri
499 679 591 762 justo
617 679 723 762 major
744 681 892 742 erasisse
922 679 1059 744 videtur.
1110 678 1214 764 Elegi
1243 701 1314 743 vero

175 779 310 864 ‘longos
346 777 399 842 vel
431 800 494 842 usu
531 779 584 842 vel
615 779 839 866 magnitudine
871 777 926 844 vel
953 780 1137 868 frequentia
1170 803 1240 846 sna
1272 781 1315 844 rel

192 883 332 970 denique
366 881 531 948 evidentia
567 903 627 948 suu
660 882 695 947 in
727 895 905 966 systemate
933 883 1018 968 opud
1045 904 1107 949 nos
1139 885 1176 948 in
1199 881 1316 948 Svecir

183 964 299 1050 nediu
332 983 553 1068 insigniores,
595 995 629 1050 et
654 986 703 1049 sio
729 1005 799 1063 me,
838 987 966 1049 etiarnsi
997 987 1175 1075 minorem,
1211 1001 1315 1051 tamen

172 1083 290 1151 'nobis
318 1084 436 1150 saltem
462 1081 635 1152 meliorem
662 1085 717 1150 vel
739 1088 844 1173 magis
866 1089 1087 1153 neeessariam
1112 1101 1249 1175 partem
1270 1111 1315 1152 eo-

184 1211 264 1254 rum
288 1189 487 1273 exposuisse
512 1191 622 1307 spero.
664 1185 735 1254 Neo
754 1210 868 1276 parurn
887 1190 1035 1276 insignes
1051 1203 1084 1264 et
1096 1193 1230 1278 proprii
1251 1213 1315 1256 esse

190 1292 343 1356 videntur
368 1290 476 1375 Fungi
501 1292 585 1355 varii
609 1304 741 1356 nostrae
766 1289 918 1358 centralis
933 1295 1091 1380 regionis,
1119 1306 1152 1358 et
1174 1275 1333 1400 quiden‚l

164 1407 167 1419 ’
192 1407 230 1458 ut
250 1392 389 1472 videtur,
417 1394 493 1486 quio
516 1395 552 1458 in
548 1391 680 1508 sylvis
698 1395 805 1480 pineis
823 1396 977 1461 maximis
998 1396 1146 1482 regionis
1173 1359 1333 1461 omninnl

194 1497 383 1588 ceteroquin
408 1479 559 1564 maxime
571 1497 760 1583 campestris
776 1497 844 1564 nati
859 1509 946 1562 sunt.
979 1493 1073 1564 Haeo
1090 1496 1227 1584 plenius
1247 1521 1316 1585 pro-

193 1617 319 1686 ponere
344 1617 441 1688 quam
464 1617 521 1674 eo,
549 1617 631 1687 quae
657 1618 677 1661 e
699 1595 795 1662 nobis
823 1597 956 1684 longius
981 1611 1108 1666 remoto
1132 1613 1230 1680 sunt,
1257 1623 1317 1666 nor

44 1675 45 1683 ἵ
128 1769 136 1788 ,
195 1699 360 1776 dubitavi,
388 1719 535 1784 semper,
565 1699 693 1790 quaudo
719 1701 829 1766 omnio
855 1720 922 1766 non
943 1713 1112 1787 praestaro
1134 1693 1316 1790 potuerim,

134 1857 137 1874 ,
196 1824 236 1867 eo
259 1801 405 1886 eligens,
430 1822 513 1891 queo
538 1814 650 1869 oentro
679 1803 774 1887 regni
797 1803 903 1888 magis
933 1817 1045 1870 essent
1069 1808 1218 1894 proprie.

299 1903 411 1974 Hisce„
444 1902 596 1971 omnibus
636 1904 766 1986 studui,
814 1919 969 1992 quantum
1005 1909 1117 1995 potui,
1157 1909 1316 1995 prodesse

198 2003 505 2084 Comnrilitouibns,
543 2002 681 2074 Civibus
709 2005 894 2094 oeterIsq'ue
917 2021 1054 2076 naturae
1076 2009 1316 2079 Sorutotoribus

200 2123 247 2175 et·
261 2109 443 2188 Studiosis,
480 2106 598 2196 quibus
626 2121 664 2173 ut
697 2111 866 2196 continget
901 2123 1017 2177 nature
1046 2115 1170 2200 optime
1198 2116 1262 2180 frui
1286 2127 1318 2180 et

199 2213 513 2299 meeumgaudere,
549 2214 678 2276 sineere
702 2223 801 2300 opto,
827 2223 861 2279 et
885 2234 967 2301 quos
997 2217 1045 2282 sio
1070 2237 1198 2307 quoqne
1219 2239 1314 2306 roge·

203 2327 256 2386 tos
280 2315 377 2396 volo,
410 2335 485 2382 meo
514 2326 552 2379 ut
575 2315 668 2405 operi
694 2313 836 2384 foveant·

354 2495 691 2630 upsaliae'mensoss
718 2539 889 2614 Februarii
921 2547 1030 2614 1826.
