2708 4682
329 399 671 446 ΟΟΝΗΕΗῊ
721 401 874 446 REM!
1083 358 1155 446 lavdi

29 577 170 667 alpinae
193 579 349 659 evadant3
375 583 433 648 sed
457 581 543 670 apud
561 603 626 651 nos
649 581 763 648 conat
780 585 935 668 regiones
954 595 1152 670 campestres

27 679 320 751 meridionaliores
347 698 437 751 tanto
456 697 559 750 tractu
585 681 750 770 sylvasnm
773 686 1028 750 vastissimorum
1050 683 1091 750 ab
1106 685 1155 750 al·

26 783 135 875 pibus
165 770 304 866 nostris,
337 790 372 851 in
395 785 497 852 altera
516 790 732 874 oppositaque
760 801 793 851 et
815 778 1032 852 remotissima
1059 800 1152 872 parte
1197 807 1223 832 ¹⁴

27 889 163 976 patriae
192 889 281 966 sitis,
313 889 561 978 disjunguntur,
596 902 632 952 ut
659 887 750 953 nulla
774 890 1023 979 communicatio
1049 891 1153 954 centi-
1183 905 1186 915 '

30 1011 103 1058 uua
140 990 225 1053 inter
262 988 337 1056 illas
369 990 540 1076 possibilis
573 1008 648 1055 esse
682 991 843 1056 videatur.
903 987 1018 1055 Nihilo
1044 1001 1177 1056 tamen·

31 1093 146 1159 minus
178 1095 275 1158 etiam
305 1093 379 1158 heic
404 1097 509 1179 major
535 1093 668 1156 exsistit
692 1095 921 1158 convenientia
950 1094 1037 1156 inter
1061 1091 1154 1177 plan·

31 1206 86 1260 tas
123 1190 235 1261 hamm
266 1197 437 1282 regionum
469 1215 565 1283 quam
591 1197 663 1282 quis
688 1193 785 1259 facile
810 1193 1018 1280 intelligeret.
1070 1195 1153 1262 Lin-

33 1316 128 1363 naeus
149 1299 219 1380 jam
246 1295 433 1362 observavit
457 1293 683 1360 Licbenem
707 1293 890 1360 nivalem
916 1309 983 1359 tum
1005 1292 1152 1380 Upsaliae

33 1409 105 1463 tuns
135 1400 170 1462 in
193 1399 367 1488 Lapponia
393 1418 558 1473 crescere,
595 1397 654 1460 sed
688 1397 723 1460 in
745 1398 923 1481 provinciis
949 1399 1150 1464 intermediis

33 1499 226 1564 desiderari.
292 1499 349 1564 Sic
388 1495 572 1584 plantarum
612 1497 697 1561 aliae
737 1499 831 1586 quasi
868 1497 972 1562 saltus
1011 1498 1150 1588 faciunt,
1243 1541 1247 1550 ·

33 1600 122 1668 aliae
148 1603 253 1688 magis
279 1599 481 1664 clandestino
505 1614 648 1686 serpunt.
700 1599 939 1686 Eregionibus
964 1603 1152 1686 campestri·

32 1701 97 1770 bus
132 1705 238 1787 magis
269 1699 534 1767 meridionalibns
569 1705 604 1769 in
633 1700 725 1787 alpes
760 1704 853 1788 qnasi
886 1701 1005 1767 saltum
1028 1702 1151 1769 iaciunt
1192 1783 1195 1796 Ι

33 1803 247 1890 Myosotis
290 1806 454 1884 stricta,
505 1801 658 1870 Arabis
704 1801 911 1884 thaliana,
957 1801 1148 1872 'l'urritis

34 1903 199 1992 glabra,
241 1901 380 1972 Draba
407 1909 557 1972 incana
587 1905 635 1990 (et
665 1905 843 1974 secundum
866 1907 1038 1974 Linneum
1066 1905 1147 1974 An·
1202 1957 1206 1964 .

35 2009 210 2092 dresaca
246 2007 628 2095 septentrionalis);
671 2021 783 2076 contra
822 2011 928 2095 magis
960 2023 1145 2094 serpentem
1203 2015 1211 2029 '

31 2123 185 2197 putamus
210 2109 431 2177 Primulam
455 2112 687 2181 larinosam
711 2131 816 2198 usqne
841 2111 918 2180 dum
942 2113 980 2176 in
1000 2109 1037 2180 Ρ.
1061 2111 1149 2178 lin-

31 2211 256 2278 markicam
277 2213 390 2283 forsan
417 2211 531 2304 abeat.¹
573 2209 765 2280 Directione
788 2224 896 2282 antem
918 2215 1079 2282 contraria
1099 2233 1146 2278 ex
1231 2255 1234 2262 ι

31 2314 162 2402 alpibns
176 2317 210 2385 in
226 2326 423 2404 campestres
436 2317 590 2402 regiones
605 2312 707 2378 saltus
721 2313 828 2380 lacere
842 2315 992 2384 videntur
1006 2336 1146 2402 sequen-

31 2429 96 2495 tes,
124 2416 194 2484 scil.
216 2413 386 2490 Bartsie
408 2417 553 2504 alpina
573 2419 608 2482 in
623 2414 831 2488 Gotlandiam
845 2431 876 2481 et
889 2415 1147 2506 Ostrogothiam,

32 2517 284 2606 Pingvicula
309 2518 452 2606 alpina
474 2522 511 2589 in
533 2517 758 2597 Gotlandiam,
787 2518 972 2610 Lychnis
1002 2518 1146 2606 alpina

32 2623 68 2690 in
92 2619 297 2702 ocentiam,
325 2621 622 2710 pariteraclorsan
637 2619 802 2692 Cornus
828 2625 994 2694 svecica
1018 2625 1055 2688 in
1078 2623 1144 2690 Ve-

33 2723 223 2812 strcgothiae
253 2723 383 2796 montes
407 2724 516 2812 lapide
538 2737 631 2817 trapp
657 2736 760 2788 tectos
787 2746 817 2791 e.
839 2747 866 2790 s.
890 2747 923 2810 p.
950 2760 1002 2776 --
1027 2721 1141 2804 Aliae,

34 2823 591 2914 ex.gr.'1'hesiumalpinum,
617 2825 854 2898 Potentilla
878 2824 1139 2906 subacaulis,

33 2931 126 3016 quasi
157 2951 217 3014 per
246 2929 366 3001 saltum
397 2951 443 2996 ex
471 2927 599 3015 alpibns
632 2929 815 2995 Germanice
855 2929 890 2992 in
922 2927 1142 2996 Smelandiam

31 3051 136 3118 usqne
160 3046 335 3111 venet-nnn
360 3033 421 3105 sed
445 3053 557 3104 aarum
577 3033 794 3102 consideratio
811 3033 882 3122 jann
906 3045 1055 3096 a·nostro
1069 3053 1142 3098 sco-

31 3154 77 3230 po
102 3135 207 3222 magis
235 3133 354 3208 aliena·
520 3123 525 3134 ³

108 3233 235 3302 Causas
255 3239 326 3324 jem
351 3235 641 3316 considerantibus,
665 3233 782 3324 quibus
807 3239 970 3324 vegetatio
996 3236 1062 3301 alia
1084 3233 1142 3304 liat

32 3361 127 3427 qnam
152 3337 259 3430 qualis
281 3362 301 3406 e
326 3340 398 3407 sola
420 3351 637 3428 temperatura
650 3338 734 3406 coeli
749 3340 870 3411 directe
886 3352 983 3415 esset,
999 3338 1052 3403 vel
1072 3343 1144 3430 qui·

34 3439 95 3508 bus
115 3441 294 3510 efficiantur
314 3446 363 3510 sie
384 3443 489 3509 dictae
512 3443 725 3532 exceptiones
739 3444 773 3506 in
788 3441 988 3530 geographia
1003 3443 1144 3528 simplici

35 3542 224 3628 plantarum,
252 3550 351 3617 etiam
372 3547 559 3624 videndum,
580 3545 657 3632 quid
683 3545 795 3610 forsan
821 3545 938 3610 efficiat
958 3543 1011 3610 vel
1027 3546 1145 3610 allecc-

37 3647 81 3708 rit
112 3645 236 3728 colttrm
261 3647 315 3716 vel
346 3651 456 3736 potius
485 3649 646 3714 industria
677 3647 855 3713 bominum·
915 3645 1076 3715 Homines
1108 3647 1145 3710 in

37 3751 272 3833 vegetationem
302 3751 405 3817 leram
435 3747 491 3816 vel
523 3749 710 3836 indigenam
743 3762 851 3815 tantos
881 3753 1072 3815 exercuisse
1098 3744 1144 3808 cl-

38 3851 159 3928 lectus,
192 3863 228 3916 nt
260 3873 314 3938 ect
330 3854 511 3942 generatim
537 3851 657 3919 limites
682 3853 839 3940 quosdam
866 3851 1064 3916 turbaverint
1090 3846 1143 3914 val

37 3951 105 4016 ullo
146 3953 241 4018 modo
273 3959 402 4046 speeies
434 3951 703 4040 exstirpaverint,
744 3966 897 4042 quantum
930 3955 1017 4029 scio,
1056 3951 1142 4040 apud
