2668 4686
423 293 427 300 .
473 320 635 398 ALGAE
1007 334 1106 426 *905
1144 417 1148 424 ἡ

24 523 233 588 Tenuissima
262 529 399 591 omnium
426 527 535 612 utpnt'o
567 533 680 613 capillo
708 533 773 592 sere
804 533 904 594 decies
928 533 1110 614 angustior,-

9 615 209 699 ueilsgincm
230 617 260 676 in
283 639 360 698 aqna
380 619 609 678 sereralerens.
641 621 785 680 Coternm
806 622 893 680 vario
915 625 1101 682 modocon-
1161 667 1164 673 -

9 703 144 780 ›rquitur
169 705 204 761 in
216 701 372 762 luuiculos
388 715 579 772 tomentosps
602 697 645 788 (C.
662 717 794 766 tomen
806 717 933 766 tusum
950 703 1098 792 sluct.?)
1177 756 1181 767 ,

9 815 81 902 819.
109 815 378 883 CERAMIUM
404 824 615 906 pennatum'a
647 820 714 886 iilis
734 843 816 908 vege
838 823 979 886 ramosis
1002 845 1098 887 com-

73 901 204 990 pressis
242 903 382 978 demum
412 906 578 994 pinnatis:
615 906 708 970 rachi
738 908 839 994 plana
865 908 1096 972 inarticulataa

69 987 223 1077 pinnulis
246 991 422 1076 pectinatis
449 993 656 1079 patentibus,
681 993 830 1066 articulis
850 993 1097 1077 subquadrstis.

72 1110 116 1123 -
139 1073 257 1139 Huds.
275 1079 379 1164 ¹angl.
401 1099 436 1162 p.
457 1077 533 1142 6114.
557 1073 744 1143 ¹Wablsnb.
768 1081 863 1165 lnpp.
885 1103 918 1142 n.
938 1101 1013 1166 979.
1042 1082 1098 1142 A·
1134 1083 1137 1090 '

73 1161 191 1249 gardis
211 1184 286 1247 syn.
308 1185 345 1247 p.
366 1159 417 1228 68.
451 1163 550 1228 Roth
566 1164 670 1230 cntnl.
687 1185 719 1230 2.
733 1187 769 1252 p.
786 1187 856 1248 ¹71·
875 1176 907 1229 et
928 1167 957 1231 b.
969 1187 1007 1252 p.
1024 1163 1096 1230 135.

33 1255 56 1320 β
93 1247 184 1310 rachi
212 1269 281 1312 non
307 1249 486 1336 explanata
507 1248 563 1312 sed
587 1251 683 1314 tereti
704 1251 855 1338 pinnulis
875 1247 1073 1336 suhmquuli.

79 1331 114 1396 C.
135 1331 326 1399 cirrhosum
359 1337 393 1398 A
418 1335 605 1420 ardb'syn.
622 1355 660 1420 p.
678 1335 732 1422 67.
753 1369 798 1387 -
828 1334 928 1402 Conl.
948 1347 1096 1424 pennata

113 1417 286 1506 Dillwyn.
310 1443 367 1484 con
392 1423 400 1484 '.
430 1431 455 1484 t.
475 1417 528 1484 86.
609 1469 613 1480 .

28 1501 115 1572 Hah.
162 1503 254 1569 inter
292 1506 501 1571 Corallinam
538 1505 573 1568 in
603 1501 800 1568 scrobiculis
839 1525 925 1590 aqua
961 1505 1095 1572 marina

66 1611 208 1676 semper
247 1591 385 1680 repletis
428 1591 717 1657 Nordlandiae
753 1603 786 1656 ct
824 1591 1093 1658 Finmarkiae

61 1675 225 1762 parcium
248 1687 271 1748 β
295 1676 465 1765 copiosius
491 1691 562 1742 turn
585 1678 621 1740 in
636 1677 724 1745 mari
737 1677 995 1766 septentrionali
1012 1701 1093 1746 cum

65 1761 283 1826 occidentali.

23 1846 138 1910 Forma
158 1849 305 1931 primaria
328 1849 418 1910 valde
441 1850 600 1929 singularis
621 1848 705 1907 rachi
729 1846 929 1932 (jugemento)
950 1849 1091 1932 pinnulis

9 1937 43 1992 ris
70 1938 235 1996 multoties
266 1935 373 2017 (immo
401 1937 513 2018 decies)
543 1931 668 2010 latiore,
698 1935 763 1996 fers
790 1939 880 1998 utin
903 1937 1089 2017 §phoro-

9 2044 95 2082 occo
122 2026 314 2104 plumoso
323 2069 332 2097 ‚
358 2025 484 2084 omnino
509 2025 688 2101 composita,
713 2034 831 2083 utnon
857 2027 955 2104 possit
972 2045 1034 2084 non
1050 2025 1089 2084 ad

10 2111 194 2170 utchinsism
215 2111 320 2190 potius
342 2131 433 2190 quam
456 2111 495 2168 ad
515 2109 689 2170 Ceramium
710 2111 831 2188 Agsrdh
854 2111 1017 2190 pertinere,
1037 2115 1089 2171 vel

9 2217 52 2255 reo
88 2197 152 2258 duo
179 2216 289 2276 genera
319 2197 352 2254 in
380 2215 475 2256 unum
508 2195 646 2268 naturale
675 2215 770 2274 genus
799 2215 892 2256 sensu
921 2197 1088 2257 Linnaeano

9 2284 187 2362 injungere3
212 2284 276 2359 sed,
298 2293 334 2342 ut
353 2281 592 2362 Sphaerococcus
613 2281 714 2342 diutiss
734 2284 766 2341 in
788 2284 848 2342 situ
863 2283 965 2343 minus
980 2286 1089 2345 faven-

9 2391 13 2422 t
41 2371 151 2430 rachio
179 2389 387 2450 compressam
410 2368 525 2429 amittit
547 2379 578 2427 et
597 2377 723 2430 tenuem
746 2379 935 2452 teretemque
957 2372 1086 2452 occipit,

9 2475 27 2511 ,c
48 2455 139 2516 etiam
155 2466 298 2523 nostrum
320 2455 513 2531 Cercinium,
536 2457 629 2516 inimo
656 2456 689 2514 in
710 2477 774 2516 uno
797 2460 966 2538 eodemque
988 2459 1086 2538 speci-

9 2541 88 2616 rine‚
109 2553 137 2604 st
155 2555 230 2603 tnnc
253 2551 361 2606 eontra
378 2545 498 2624 saepius
520 2543 736 2622 capsuliscrum
753 2545 864 2605 evadit.
912 2545 1086 2606 Substantia

9 2647 106 2708 smper
130 2629 260 2712 rigidula
288 2631 326 2690 nd
352 2629 536 2690 Corallinam
567 2630 618 2690 vel
644 2629 828 2714 Zoophyton
858 2627 1084 2716 (Sertulariam)

9 2715 134 2778 medens.
182 2717 277 2778 Color
297 2716 416 2778 luridus
439 2716 661 2777 subolivaceus.

9 2835 77 2906 320.
109 2841 364 2910 CERAMIUM
388 2841 632 2929 spongiosum:
663 2837 729 2906 filis
753 2859 834 2925 vage
857 2837 1001 2903 ramosis
1023 2859 1085 2926 oy-

60 2929 242 2996 lindraceis
264 2926 392 2994 obtusis
414 2909 564 3014 uncliqus
585 2929 682 2992 tectis
705 2926 847 2992 ramulis
871 2925 1083 3012 simplicibus

60 3014 252 3082 imbricatis
292 3014 475 3102 aequalibus
508 3014 710 3080 articulatis:
749 3011 902 3076 articulis
934 3010 1083 3098 subqua-

59 3100 181 3167 dratis.
210 3131 255 3160 ·-
282 3097 429 3192 Ligntf.
458 3110 541 3166 scot.
563 3119 592 3163 2.
618 3121 656 3186 pa
675 3095 750 3182 985.
798 3097 921 3166 Moris.
945 3096 1024 3166 bist.
1048 3098 1080 3164 5.

57 3209 94 3274 p.
118 3187 194 3253 650.
227 3197 308 3254 sect.
332 3189 384 3254 15.
415 3197 441 3252 t.
464 3207 496 3274 9.
520 3183 611 3270 f.6.
665 3182 777 3250 Hook.
805 3197 888 3254 scot.
912 3202 942 3248 a.
970 3181 1081 3274 p.89.
1126 3229 1130 3237 ι
1181 3203 1189 3218 “

57 3271 238 3338 Wahlanh.
260 3275 353 3359 lnpp.
376 3294 413 3360 p.
433 3273 509 3336 bro.
531 3265 598 3334 obs.

16 3355 106 3426 Hah.
128 3357 222 3424 inter
245 3356 453 3424 Corallinam
475 3356 513 3422 in
528 3355 725 3420 scrobiculis
745 3373 830 3438 aqua
845 3353 1081 3422 marinussm-
1106 3411 1111 3419 .

58 3465 123 3542 per
143 3445 296 3534 repletis,
320 3441 379 3510 sed
400 3441 616 3508 autrressexu
639 3443 740 3507 maris
763 3462 832 3504 non
855 3441 1024 3508 inundatis
1042 3443 1079 3506 iu

57 3551 131 3618 ipss
147 3530 260 3598 insula
279 3527 467 3616 Kisrringii
487 3530 521 3595 N
532 3525 775 3594 ordlanrliao
792 3529 1078 3615 parcissimecum

57 3617 282 3702 praecedentis
302 3614 434 3707 optime
456 3613 637 3703 explanato
656 3626 755 3682 statu.

19 3715 113 3780 Omisi
140 3719 222 3784 huuc
243 3723 379 3804 speciem
406 3719 440 3778 in
465 3717 508 3779 Fl.
530 3719 611 3801 lapp.
637 3721 707 3802 quia
726 3717 924 3801 praecedenti
948 3714 1079 3778 nimium

9 3803 68 3867 finis
98 3807 281 3886 ridebatum
317 3831 387 3871 cum
411 3827 478 3868 earn
508 3808 571 3888 jam
603 3817 638 3868 ut
664 3812 770 3868 veram
795 3805 928 3886 recipio,
965 3820 1077 3882 genere

11 3895 98 3954 turali
127 3915 146 3954 a
167 3887 372 3980 praecedente
400 3895 508 3959 saltem
527 3915 598 3954 -non
622 3894 808 3978 distinguere
831 3909 968 3975 possum.
1012 3885 1077 3949 riu
