2708 4682
47 349 50 356 “
147 357 211 408 mut
523 311 678 402 n'srro
721 307 903 403 orande

149 565 216 619 tam
251 543 586 635 denominarentur,
618 551 653 614 in
679 569 744 636 qna
772 547 969 636 vegetabilis
997 561 1183 634 spontanea
1217 557 1297 616 tam

53 648 66 743 Ἰ
148 649 354 744 prevaleant
377 663 411 715 et
436 648 477 720 ab
501 651 698 724 adventitiis,
713 651 780 717 tam
805 673 919 739 parum
943 665 1150 737 prementum
1188 652 1295 737 quod

149 754 194 822 ab
219 749 333 822 indole
359 750 424 820 soli
450 765 484 820 et
508 752 594 820 coeli
618 753 716 820 simul
739 754 883 839 paudere
908 747 1047 821 videtur.
1098 751 1233 821 Mirum
1252 775 1295 818 o-

59 930 64 943 ,
149 857 284 935 mnino,
311 874 409 946 qnam
433 876 549 945 pamm
574 853 696 942 plante
719 857 882 943 indigente
906 857 992 942 apud
1013 877 1078 922 nos
1094 857 1292 942 exstirpari
1345 862 1346 873 ¹

150 961 301 1050 possint,
334 977 409 1026 unm
437 971 552 1026 eontra
584 958 771 1052 adventitias
805 960 911 1044 magis
944 956 1117 1025 diffionlter
1143 977 1292 1024 oooser·
1344 967 1345 974 ’

74 1123 78 1138 χ
151 1073 272 1130 ventur
302 1079 400 1148 quam
427 1059 538 1126 alibi.-
579 1059 755 1128 Lionaeum
784 1059 885 1150 longe
918 1059 1192 1130 aliter'sensisse
1219 1062 1292 1124 soi·
1345 1066 1346 1141 t

103 1189 126 1250 ‚¹
152 1153 246 1246 edus,
289 1161 433 1234 colonus
461 1161 646 1250 plantarum
678 1164 813 1230 numum
843 1163 1022 1240 addietum
1065 1166 1114 1228 sio
1148 1183 1210 1229 ex·
1234 1182 1290 1248 gr.

153 1265 412 1338 Varoniuam
435 1268 708 1355 peregrinam
736 1251 909 1344 mammis,
941 1288 982 1334 ea
1005 1287 1066 1352 spe
1091 1266 1219 1344 fretus,
1250 1277 1290 1330 nt

154 1369 324 1458 euplosior
349 1384 507 1436 suouesso
532 1357 694 1456 temporis
707 1369 889 1446 'evaderet‚
916 1368 978 1436 sed
1004 1382 1117 1436 eonon
1141 1367 1234 1435 hane
1251 1387 1288 1430 o·

154 1473 327 1563 piniooeur
355 1473 428 1556 jam
458 1469 580 1560 ubique
606 1474 654 1536 ita
679 1470 856 1559 disparuit,
888 1483 926 1534 ot
950 1491 993 1536 ne
1018 1473 1186 1556 specimen
1213 1470 1288 1557 qni·

155 1577 234 1644 dem
270 1576 359 1642 oium
399 1592 577 1642 sveoauum
617 1571 730 1640 videre
761 1571 842 1648 ndhi
876 1575 1063 1659 eontigerit.
1119 1571 1287 1640 Datura

157 1677 445 1748 Stramouiuur
475 1677 511 1740 in
530 1673 701 1762 plerisque
726 1671 936 1760 regionibus,
963 1674 1021 1740 ubi
1046 1687 1145 1740 antea
1169 1673 1287 1761 vulga-

158 1783 208 1848 ris
230 1779 310 1856 fuit,
338 1778 388 1858 ita
407 1778 559 1855 evanuit,
586 1791 623 1840 ur
641 1778 712 1860 jam
736 1777 779 1844 ad
801 1775 914 1844 littora
931 1779 1030 1844 muris
1052 1780 1178 1842 extima
1198 1797 1287 1864 qtrae·

160 1880 266 1950 'rende
292 1882 347 1946 sit.
399 1876 456 1946 Sic
480 1877 600 1965 plantae
626 1880 725 1946 etiam
752 1879 920 1967 permultae
947 1877 1101 1949 ervioolae
1128 1893 1161 1943 et
1183 1878 1285 1946 horti-

162 1982 245 2052 eolae
284 1992 363 2070 post
392 1980 524 2048 Linnaai
559 1993 707 2070 tempora
739 1984 881 2048 rariores
911 2003 947 2045 re
976 2002 1057 2046 uera
1089 1994 1279 2056 evaserunt,

163 2088 278 2154 forsan
300 2071 337 2152 in
361 2094 432 2149 tota
450 2081 569 2149 Sveeia
592 2081 636 2147 oh
661 2082 799 2151 eandem
825 2105 956 2152 eausam
980 2105 1020 2148 au
1041 2087 1076 2148 in
1095 2085 1302 2170 Lamponia„

163 2203 203 2257 ut
224 2186 272 2254 ibi
293 2187 416 2272 optime
441 2185 628 2255 observavit
644 2185 878 2273 Laeonum).
907 2183 982 2262 Quo
997 2189 1085 2256 enim
1099 2188 1286 2272 megistum

165 2293 240 2379 agri
272 2299 341 2354 tum
372 2287 460 2356 horti
490 2301 670 2356 sementem
701 2287 766 2356 sibi
792 2291 878 2376 ipsis
909 2287 1075 2374 praebent,
1107 2309 1150 2353 eo
1176 2288 1285 2352 minus

166 2414 216 2462 ex
244 2387 321 2458 aliis
349 2391 444 2458 terris
473 2389 687 2478 adportentur
709 2393 840 2458 semina
862 2394 1036 2482 peregrina
1061 2403 1095 2456 et
1119 2411 1159 2456 eo
1182 2391 1286 2476 magis

169 2505 370 2564 evanescunt
390 2491 651 2579 eorumplantm,
671 2496 793 2582 quippo
809 2514 880 2582 qum
894 2495 1136 2562 vicissitudines
1148 2491 1288 2558 climatis
1346 2491 1347 2518 ¹

105 2639 110 2649 ‚
168 2616 233 2688 per
248 2595 382 2684 longam
407 2616 567 2666 annorum
593 2598 714 2662 seriem
731 2599 892 2663 aosfinere
906 2599 1123 2684 nonpossint.
1160 2593 1286 2660 Sciunt

169 2719 303 2791 quoque
336 2697 423 2785 apud
449 2718 513 2766 nos
536 2697 608 2766 dari
639 2711 707 2766 tam
730 2697 833 2785 longa
854 2698 1028 2768 interualla
1052 2701 1138 2764 inter
1160 2697 1284 2762 vicissi-

150 2803 306 2874 sudines
339 2799 499 2882 elimatis,
533 2813 571 2868 ut
595 2819 662 2870 non
687 2803 753 2868 nisi
774 2822 823 2868 ese
848 2804 932 2869 siout
953 2801 1167 2888 perdurantes
1184 2801 1284 2886 respi-

173 2904 298 2976 ciendae
333 2904 418 2985 sint,
460 2923 532 2992 qun
567 2923 629 2990 per
656 2905 755 2974 nnius
784 2902 902 2974 saltem
932 2903 1076 2972 hominis
1103 2905 1285 2968 memoriam

173 3007 401 3099 perstiterunt·
451 3003 524 3076 Nee
551 3018 588 3072 ut
613 3021 732 3096 sponte
758 3010 829 3076 siva
855 3031 914 3098 per
937 3029 975 3074 se
1000 3007 1212 3094 perdurantes
1234 3025 1283 3070 as·

175 3108 343 3180 sumendae
371 3127 447 3176 esse
478 3109 631 3178 videntur
662 3131 729 3190 ea,
765 3133 853 3200 quas,
878 3110 1024 3198 agricola
1054 3109 1110 3178 vel
1133 3106 1284 3177 homcola

175 3213 256 3282 lieet
279 3206 403 3280 invitus
427 3231 493 3280 una
518 3232 592 3282 oum
615 3213 797 3282 cerealibus
826 3212 879 3282 vel
905 3211 1053 3280 oleribus
1080 3224 1115 3280 et
1139 3215 1228 3281 metit
1253 3222 1284 3274 et

146 3351 157 3374 κ
177 3314 241 3383 sub
266 3315 362 3383 tactis
389 3306 459 3404 suis
486 3328 659 3382 conservat
688 3339 750 3386 neo
773 3338 842 3384 non
870 3337 963 3407 aeque
989 3318 1113 3384 invitus
1140 3317 1214 3384 dein
1235 3333 1284 3378 se-

177 3422 239 3496 sit,
265 3419 349 3484 sieut
373 3415 556 3487 Avonam
577 3416 848 3498 orientalem,
875 3422 1106 3506 strigosam
1135 3431 1170 3484 et
1193 3420 1282 3484 inter-

179 3521 258 3588 dum
288 3517 456 3588 brevem
479 3542 545 3590 nna
571 3527 822 3602 numantina,
857 3522 999 3592 Pisum
1019 3539 1281 3590 arvennorum

115 3709 117 3716 Ι
180 3625 346 3699 sativo,
385 3621 679 3694 Amaranthum
703 3625 857 3696 Blitum
893 3626 1203 3714 conspinacis,
1234 3619 1282 3686 0·
1346 3659 1347 3686 t

148 3727 153 3734 '
180 3725 368 3798 xalide'm
394 3730 583 3798 striatam
615 3751 687 3798 eum
710 3729 877 3799 tub'eribus
904 3729 1069 3815 Solani,
1095 3729 1207 3820 Rupe
1227 3739 1283 3794 eto.

187 3873 354 3898 m

233 3946 258 4024 *)
282 3958 339 4011 Ver.
362 3957 410 4012 Aa·
432 3953 527 4012 Haedi
555 3949 644 4012 1824·
666 3967 692 4022 p·
718 3947 786 4018 184.
