2708 4682
167 337 198 394 1
249 373 251 380 <
477 323 691 398 ''ssrto
732 344 917 399 osrrts

241 615 243 622 s
269 523 445 610 llsticnes,
477 525 519 596 cb
543 552 624 620 qnss
650 555 712 599 nos
738 533 911 600 Linnseum
934 533 1079 620 pressius
1102 533 1198 624 sequi
1229 533 1293 603 ‹ie-

166 634 301 716 bsrnns,
341 656 408 700 uon
436 649 501 700 tam
526 635 640 722 glorise
665 639 779 723 petrice
809 650 976 724 respectus
1002 627 1142 724 praebet,
1175 639 1292 727 (quse,

163 740 297 808 ‘etiamsi
321 729 419 804 nobis
438 738 660 818 sanctissima,
697 749 803 804 tamen
827 741 901 826 ipsis
924 743 1040 804 natum
1063 743 1201 827 ejusque
1231 767 1291 807 co-

165 844 316 932 gnitione
347 845 491 906 sanctior
513 863 588 906 osse
616 863 682 906 non
709 845 846 929 potest),
878 862 972 929 quam
998 845 1107 928 potius
1134 842 1208 926 ejus
1235 847 1289 912 rei
1352 900 1353 907 ,

166 945 404 1022 consideratio,
438 940 526 1030 quod
552 939 642 1009 illius
668 945 703 1008 in
727 943 787 1008 hae
813 945 948 1008 scientia
972 944 1195 1020 institutiones
1227 971 1290 1013 na-

165 1061 249 1114 tum
279 1047 403 1134 patrios·
426 1047 599 1132 propiores
624 1043 719 1112 nobis
744 1047 934 1126 videantur,
963 1061 995 1110 et
1019 1043 1286 1114 institutionibus

158 1163 271 1224 ,status
311 1135 457 1232 syeolci,
484 1151 641 1233 ‘inprimis
674 1145 858 1227 litterariis,
898 1147 1001 1232 magis
1033 1151 1283 1217 convenientes.

117 1303 119 1312 .
160 1238 332 1330 ¹Quantum
361 1247 505 1314 scientias
535 1251 759 1316 institutiones
790 1249 978 1315 Linnaeanae
1013 1266 1135 1315 naturae
1165 1257 1282 1337 patriae

166 1352 415 1434 accommodata
441 1355 517 1430 sint,
545 1355 579 1418 in
605 1345 814 1440 sequentibus
836 1351 952 1417 iterum
976 1358 1155 1442 iterumque
1172 1353 1279 1442 expli-

166 1481 252 1537 care,
280 1460 379 1524 immo
408 1468 441 1520 et
468 1468 542 1518 ante
568 1451 683 1519 oculos
709 1477 843 1540 ponere,
870 1449 1088 1532 studebimus3
1113 1459 1280 1540 jamvero

164 1565 304 1650 primum
320 1545 557 1624 'convenientia
588 1558 763 1620 earundem
788 1579 860 1620 cum
883 1555 1141 1624 institutionibus
1163 1567 1280 1646 patriae

163 1648 349 1730 indicantia¹
382 1657 540 1724 Utilitatis
564 1655 676 1743 patriae
701 1679 813 1720 amans
835 1655 991 1722 Linnaeus
1009 1683 1074 1724 non
1091 1663 1194 1746 potuit
1207 1681 1277 1728 non

165 1769 336 1830 scientiam
369 1780 462 1822 suam
495 1761 542 1821 ita
575 1761 738 1827 concisam
763 1777 809 1840 ‚ric
840 1755 945 1824 dicam
975 1779 1173 1828 contractam
1202 1767 1281 1830 red.

130 1882 132 1887 ·
164 1865 253 1943 dere,
280 1852 316 1926 ut
337 1859 597 1934 institutionibus
620 1859 787 1925 litterariis
810 1857 934 1947 patriae,
959 1857 1000 1928 cb
1017 1883 1098 1950 opes
1113 1889 1230 1952 parcas
1244 1879 1279 1932 et

119 1975 122 1984 '
162 1969 323 2052 nrinorem
353 1984 524 2028 numerum
556 1963 674 2028 civium
700 1962 786 2028 baud
810 1983 923 2050 parum
946 1965 1110 2053 ungtrstis,
1140 1991 1275 2055 respon-

117 2061 120 2070 '
165 2068 269 2135 deret.
321 2063 384 2134 Hae
409 2067 632 2130 institutiones
656 2069 753 2130 etiam
777 2088 862 2132 nunc
888 2069 1010 2133 escderr
1037 2083 1132 2146 sunt,
1165 2071 1275 2159 ibique

164 2192 319 2240 numeros
338 2182 407 2238 tum
427 2169 619 2234 discentium
640 2183 708 2234 tum
728 2171 912 2251 docentium
934 2170 1035 2236 multo
1058 2174 1166 2237 minor
1179 2197 1274 2262 quam

163 2280 199 2342 in
223 2273 390 2364 plerisque
413 2265 487 2336 aliis
511 2273 618 2350 terris,
644 2295 704 2338 nec
726 2295 798 2336 cum
819 2271 909 2337 hisce
929 2276 1073 2340 scientiis
1088 2277 1274 2362 'increscere

163 2375 219 2443 vel
240 2378 353 2444 formu
377 2376 488 2462 potius
515 2373 643 2438 dilatari
657 2387 814 2460 possunt.
867 2373 955 2442 Hinc
981 2377 1096 2456 etiam,
1120 2391 1271 2466 quantum

162 2479 236 2546 fieri
266 2479 390 2568 possit,
424 2474 519 2542 nobis
549 2473 743 2553 videndum,
776 2489 812 2540 ut
842 2477 919 2564 quid
946 2479 987 2542 de
1015 2481 1145 2545 concisa
1167 2479 1273 2544 forma

110 2637 112 2642 .
162 2585 307 2663 seientia·
332 2591 553 2646 conservetur.
594 2575 748 2643 Ceterum
770 2600 848 2657 nos,
879 2582 934 2668 qui
953 2584 1025 2666 jam
1045 2579 1175 2646 Floram
1191 2581 1273 2646 Sve-

163 2687 265 2752 cicam
286 2671 490 2752 elaboremus
519 2693 552 2747 et
576 2679 610 2748 in
633 2703 728 2748 usum
742 2685 973 2762 convertimus,
995 2685 1140 2749 nontam
1155 2683 1271 2772 oprbus

161 2788 327 2868 valemus,
351 2799 388 2854 ut
406 2801 553 2852 naturam
577 2798 783 2874 vegetantem
805 2785 1046 2873 exemplaribus
1061 2789 1269 2874 propositam,

51 2967 52 2974 ἵ
162 2889 250 2982 quod
284 2891 327 2956 etl
355 2890 513 2976 majorem
538 2902 680 2976 partem,
717 2885 818 2955 multo
847 2891 954 2956 nsinus
978 2901 1098 2970 totam,
1129 2893 1267 2954 omnium

88 3003 91 3012 “
160 3008 322 3062 mnarum
345 3005 379 3057 et
401 2991 567 3080 pleraque,
593 3013 635 3058 ne
659 2991 763 3057 dicam
786 2997 906 3071 omnis,
933 2989 1128 3058 adminicula
1148 2991 1268 3057 littera·

160 3083 212 3166 r'is
235 3095 382 3169 aliarum*
397 3097 542 3182 gentium
570 3093 611 3160 ad
636 3091 860 3180 illustrandam
883 3093 1067 3160 methodum
1085 3091 1267 3182 ‘generalem

162 3213 225 3271 stc·
246 3213 368 3267 nostrae
391 3196 480 3264 llorae
505 3195 674 3286 adquirere
689 3189 866 3286 possimus,
890 3219 960 3285 quae
978 3201 1076 3279 etiem
1092 3195 1134 3263 ob
1150 3193 1268 3264 distan-

110 3299 120 3391 ⁵.
161 3307 241 3370 siem
268 3303 413 3391 eliasque
439 3299 583 3367 rationes
614 3297 710 3390 nobis
738 3297 839 3367 multo
867 3301 973 3368 carius
1000 3314 1150 3368 constant
1174 3321 1266 3387 quant

159 3403 328 3495 plerisque
359 3399 444 3469 aliis.
502 3400 615 3492 Itaque
648 3425 715 3470 uon
741 3418 864 3469 tentum
883 3403 1010 3489 justum
1036 3404 1266 3486 verumetiam

161 3509 381 3576 necessarium
406 3505 551 3586 videtur,
584 3509 703 3584 utiis,
734 3527 805 3594 quse
833 3507 868 3570 in
891 3501 996 3593 patrie
1018 3524 1113 3572 enata
1139 3517 1213 3574 ment
1235 3515 1266 3570 et

159 3632 299 3702 quorum
325 3609 429 3675 adhuc
453 3609 538 3696 apud
561 3629 623 3674 nos
649 3627 749 3697 parvo
773 3609 877 3694 pretio
903 3605 962 3674 fiat
985 3613 1096 3696 eopia,
1129 3613 1210 3673 sient
1230 3627 1265 3670 o-

159 3715 461 3802 portunensem,
494 3715 600 3799 magis
622 3712 827 3790 insistamus,
860 3729 956 3800 quam
980 3725 1016 3777 ut
1037 3711 1207 3798 peregrina
1232 3721 1263 3772 et

161 3835 249 3883 nova
273 3825 451 3894 sectemur,
493 3817 523 3881 si
551 3813 630 3903 quid
658 3811 843 3879 absolutum
873 3830 906 3880 et
926 3812 985 3878 lini
1012 3813 1208 3878 conveniens
1232 3824 1262 3875 st

160 3923 237 3989 usui
257 3917 405 4010 generali
427 3913 641 4008 plurimorum
659 3917 891 3988 iusetvitnuuu
912 3923 1071 4006 praestare
1092 3913 1237 3983 velimus.
