2716 4676
435 169 636 249 -ffltt‘ttln
671 217 677 224 ·
920 207 977 273 177
995 189 1003 224 ³

18 345 175 420 Lebiatls.
216 343 301 410 rme
320 337 590 434 potiuifl'ombigo
614 359 722 410 utrum
745 343 972 414 rertle'illoruur
994 349 1063 414 fnl-

18 449 70 486 cra
97 429 129 488 in
153 426 294 488 Menlhis
328 429 459 510 spientis
479 427 556 487 folia
579 449 757 510 suppressa,
772 450 959 512 quererere
972 445 1060 509 sunt,

16 529 53 568 an
75 511 221 570 bracteas
252 511 376 585 dicam,
406 509 479 570 licet
512 509 571 570 hoc
603 511 686 570 infre
707 511 818 572 faciam
843 511 884 570 ad
905 524 1002 576 'usum
1024 509 1087 578 ἃ·

16 591 55 651 ob
74 586 319 654 similitudinem
340 613 413 654 eum
435 595 517 653 veris
540 593 687 670 bracteis,
707 595 817 666 itidem
842 597 1062 676 presentibus,

45 867 52 876 '
96 851 180 937 Qu'ae
202 859 241 920 de
265 857 363 942 hujus
388 863 513 942 generis
536 872 647 942 protea
671 857 777 920 indole
807 860 839 920 in
871 859 921 924 ed.
950 881 976 922 t.
996 856 1087 942 'js'n'

16 953 86 1004 ante
119 941 310 1002 decennium
341 941 455 1018 attuli,
496 943 653 1004 Batanicis
683 962 801 1024 parurn
832 943 991 1028 placuisse
1014 946 1067 1004 ri-

16 1027 146 1102 dentur,
170 1043 241 1088 eum
264 1043 283 1081 a
305 1027 415 1108 paucis
437 1036 579 1107 respecta
593 1031 755 1086 sintnorae
781 1045 820 1086 ue
834 1027 1066 1110 speciesquot·

16 1111 102 1168 annis
123 1118 331 1167 emerserunt.
377 1111 500 1169 luterea
530 1131 548 1168 e
570 1129 638 1167 mea
663 1047 789 1168 videndi
821 1108 964 1184 ratione,
983 1109 1065 1168 'sere

16 1189 202 1264 Smithiana,
226 1192 251 1248 si
274 1208 294 1248 a
316 1189 363 1254 M.
386 1190 547 1274 acriisolr'a
570 1182 633 1250 &c
666 1188 846 1251 reducenda
877 1191 1061 1268 discessero,

15 1269 175 1332 discedere
197 1291 259 1330 non
286 1271 386 1350 valeo,
414 1291 487 1332 eum
511 1292 568 1354 per
593 1271 707 1332 ultime
725 1264 1092 1334 lustr·anmnino'con-'

16 1353 172 1414 firmatam
203 1351 347 1414 viderim.
401 1353 514 1416 Potius
545 1351 583 1412 de
599 1351 658 1432 M.
684 1349 831 1437 aqualicte
860 1349 897 1414 dc
925 1353 1064 1418 odorata

16 1439 133 1496 unione
167 1435 299 1514 insuper
333 1445 438 1495 certus
468 1453 548 1493 sum.
581 1468 621 1480 -
652 1435 783 1496 Veteres
816 1437 878 1516 jum
901 1435 1061 1514 Menthar,

17 1527 50 1576 ut
70 1517 200 1600 plantas
223 1515 421 1588 officinales,
443 1515 684 1596 diligentissime
703 1517 935 1596 distinxerunt,
958 1537 1062 1598 quare

16 1619 85 1660 rere
106 1615 264 1659 novarum
290 1599 464 1678 specierum
497 1618 566 1678 spes
590 1597 680 1679 lngax
704 1599 754 1659 rit.
799 1599 933 1659 Petrum
954 1597 1088 1687 studi·-¹

16 1701 76 1758 nm,
99 1693 263 1764 rurnqrem
285 1679 525 1760 negligendum,
554 1685 712 1762 praecipue
733 1685 765 1740 in
782 1681 930 1742 ltleothis
952 1678 1062 1740 utilis-

16 1767 129 1824 sitnurn
156 1759 224 1822 est!
256 1759 378 1821 Eorum
404 1783 578 1846 synonyma
603 1765 716 1848 saepius
741 1765 859 1826 certius
887 1779 1062 1844 quemlre·

16 1847 197 1906 centlorum
224 1843 462 1904 determinanda
484 1841 561 1904 milri
588 1847 651 1905 visa
676 1857 760 1911 stent.
784 1880 824 1894 -·
842 1845 953 1910 Facies
968 1843 1086 1904 Men·'

16 1928 148 1987 thurum
173 1943 190 1984 e
217 1925 288 1986 loco
323 1927 403 1988 sicco
435 1923 470 1985 dt
497 1927 649 2004 humido,
686 1919 861 2010 aprico&
885 1921 1061 2000 nemoroso,

17 2011 108 2069 valde
133 2018 279 2083 mutata,
302 2027 408 2069 omnes
430 2017 519 2068 notos
542 2030 559 2070 e
583 2011 747 2091 serpersrcie
779 2005 814 2071 dc
840 2021 969 2070 externa
991 2002 1061 2066 l'or·
1085 2018 1089 2025 “

17 2111 64 2152 tna
90 2100 211 2152 sumtus
236 2089 376 2152 lubricas
399 2091 503 2152 reddit
528 2113 555 2149 v.
571 2113 598 2152 c.
622 2113 639 2150 c
663 2093 764 2151 carrlis
783 2091 972 2172 gracilitate,
983 2087 1061 2147 her·
1085 2092 1089 2106 ¹

17 2173 57 2234 be
83 2171 192 2234 colore
217 2165 251 2232 ἃ
276 2175 403 2248 vestitu,
427 2171 577 2233 foliorum
603 2175 714 2252 forme,
737 2174 905 2246 serraturis
928 2191 955 2228 e.
975 2193 1000 2232 s·
1027 2163 1060 2254 p'·

18 2255 119 2316 Etiam
142 2251 327 2315 differentiae
349 2275 366 2314 e
387 2253 550 2336 pediecllis
571 2257 704 2317 hirsutis
725 2249 761 2315 dc
784 2253 906 2333 glabris
926 2271 954 2312 e.
976 2273 999 2314 s.
1009 2271 1061 2392 ἦ.

18 2341 106 2400 nimie
128 2335 338 2416 micrologiese
360 2347 452 2410 snnt3
475 2351 655 2397 constanter
675 2339 803 2418 quidem
828 2333 936 2418 glabri
958 2337 991 2395 iu
1014 2337 1015 2340 ’
1048 2375 1057 2416 .·
1080 2399 1091 2412 ,Ι

18 2419 119 2494 rubro,
147 2413 253 2481 satiro
277 2416 315 2484 Ed
330 2418 449 2500 gentili,
472 2419 526 2479 sed
550 2423 582 2480 in
606 2419 653 2483 M.
677 2421 809 2495 nrvrnrs',
831 2417 975 2502 aquatico
995 2405 1062 2475 &e
1087 2419 1092 2432 '

19 2495 190 2586 &pilosos
213 2493 248 2560 δι
272 2501 480 2583 glaberrimos
503 2500 590 2582 legi.'
621 2507 654 2565 ln
684 2504 830 2566 omnibus
862 2501 926 2562 vidi
945 2499 1087 2562 smmi-⁴

19 2581 198 2650 nacorella
229 2582 398 2652 breviora,
432 2594 464 2642 at
495 2605 556 2644 non
587 2585 728 2666 longiora
757 2589 790 2646 in
824 2583 943 2645 multis.
987 2582 1061 2664 lpse

19 2665 61 2726 dis
86 2668 181 2726 esitio
201 2669 233 2725 in
249 2665 401 2747 spicatas,
414 2667 567 2744 capitatas
588 2663 621 2728 ἃ
648 2665 852 2731 verticillntos
869 2685 982 2748 anceps
1000 2671 1060 2720 ert·
1084 2715 1088 2745 ,

20 2687 245 2832 Inflaresrenlr'a
265 2748 395 2810 omnium
416 2746 614 2812 Menthdrum
636 2751 821 2814 verticillala
844 2758 910 2822 est;
941 2747 1060 2828 capita-

18 2835 78 2892 tam
100 2831 374 2914 neceSpieetis,
413 2850 469 2888 nec
497 2851 517 2890 a
547 2831 755 2895 Vertieilletir
783 2845 851 2892 tute
874 2829 947 2890 disti
993 2844 1060 2886 uer.

20 2909 150 2976 Mentha
198 2933 304 2994 unque
326 2913 469 2991 capitatae
498 2918 662 2975 continent
695 2917 832 2996 speeies,
865 2931 936 2992 quas
1017 2904 1060 2970 ed

19 2995 159 3074 spicatas
243 2993 283 3054 ad
305 2992 520 3054 Vertieillutas
545 3017 582 3056 ex
604 2997 758 3056 alliuilete
778 2990 938 3069 naturali,
962 2993 1061 3054 immo

20 3077 144 3136 adalia
170 3077 365 3158 exemplaria
396 3077 564 3155 pertinent.
609 3079 689 3138 Hine
715 3079 862 3160 equidem
886 3075 968 3135 hane
992 3076 1060 3146 dis·

20 3161 204 3239 positionem
223 3179 261 3218 nc
283 3159 410 3218 secundi
429 3159 548 3220 ordinis
570 3181 700 3237 censen,
716 3159 899 3243 primariam
921 3177 939 3218 e
960 3152 1060 3221 verli·

21 3243 93 3304 tillir
113 3251 172 3306 arri
183 3239 266 3327 selle
290 3241 406 3302 evoluto
430 3248 483 3300 aet
503 3240 647 3322 bracteis,
665 3265 734 3324 epure
760 3257 863 3306 tanren
890 3239 966 3302 lolia
980 3259 1060 3324 sup-

21 3343 121 3404 pressa
147 3333 242 3400 sunt,
262 3317 400 3420 srgffultt's
423 3325 528 3402 petius
554 3345 710 3386 sumerem
737 3325 770 3386 dc
797 3327 951 3406 capitales
975 3327 1061 3408 inter

23 3417 187 3490 unamque
220 3415 389 3466 sectionem
416 3406 640 3486 dispeseerem.¹
692 3399 781 3470 Hunc
805 3401 894 3467 'eum
929 3417 1061 3468 externe

23 3485 94 3548 lucie
115 3489 356 3550 convenientem
376 3485 538 3570 plerisque
557 3488 682 3572 plaeere
716 3491 827 3553 videor
852 3508 902 3550 me
931 3490 1060 3561 ridere;

23 3569 263 3640 ermellinitati
295 3586 372 3631 vero
401 3571 542 3632 netereli
558 3582 746 3652 proximem
779 3569 814 3636 ἀ
845 3572 951 3636 adhuc
981 3591 1061 3652 cop·

24 3657 203 3716 stantiorem
228 3653 334 3714 inveni
363 3647 489 3713 efoliis
512 3655 675 3723 sessilibus
700 3649 736 3718 dt
766 3655 944 3742 petiolum,
979 3651 1064 3712 hunc

24 3736 125 3818 exinde
173 3755 302 3818 quoque
333 3735 449 3818 recepi.
502 3735 722 3804 characteres*
738 3742 869 3822 insuper
898 3734 1060 3821 primarii,

25 3831 175 3894 qtrantum
197 3814 345 3902 equidem
365 3838 382 3878 e
406 3815 519 3898 viginti
542 3839 699 3884 annorum
716 3817 994 3890 observationibus
1005 3833 1062 3876 ex·

23 3902 114 3976 periri
134 3903 248 3985 potui,
274 3911 348 3962 sant
383 3907 414 3978 a)
438 3901 542 3965 forme
563 3897 600 3966 ὅτ
619 3905 805 3984 magnitudo
828 3900 976 3974 corette,
1005 3913 1063 3956 nec

25 3984 197 4066 spernente
216 3982 284 4068 ejus
303 3981 530 4070 pubescentia5
553 3986 701 4070 b)lorne
723 3985 841 4078 eclysis
860 3977 896 4050 dt
919 3979 1064 4044 dentium

946 4081 982 4130 12
1126 4089 1132 4096 '
