2708 4682
295 419 305 464 χ
428 401 585 448 neruo
629 397 822 480 crenus.
1140 393 1174 439 rr

45 606 87 672 iu
116 597 252 668 cellario
278 599 491 662 conservatis.
542 592 594 662 Ad
629 595 689 661 bas
719 598 853 681 insuper
878 592 1035 660 aeceduo't
1060 587 1175 658 otuu'er

46 709 88 772 in
124 719 216 768 terro
245 697 331 766 curis
362 698 525 766 hortuloni
549 711 634 764 tecta
656 697 871 784 hospitantes.
922 698 1040 781 Longe
1070 694 1176 761 adbuc

48 807 168 892 magis
202 801 414 870 excludendae
446 800 566 886 planare
598 823 676 866 casu
699 786 840 867 fortuito.
864 819 935 864 cunr
958 796 1097 863 novibus
1120 797 1178 863 ud·

53 910 185 983 diretta,
220 927 409 994 quemquern
441 925 528 968 noro
558 925 618 994 auo
643 903 718 968 loco
753 905 886 969 omniuo
912 901 988 968 fere
1020 921 1081 966 nee
1106 899 1176 966 ullo

54 1009 159 1074 modo
200 1006 296 1072 cultis
334 1007 594 1074 adnumerandus.
654 991 774 1075 Latent
810 1025 923 1071 earum
953 1023 1019 1064 nun
1053 1015 1177 1070 tanturn

55 1113 323 1180 semiustulatum
343 1110 445 1176 etiam
468 1109 595 1176 radices
622 1121 655 1172 et
675 1105 768 1175 bulbi
791 1117 982 1191 vegetantes
1001 1105 1089 1171 inter
1109 1101 1178 1188 gla-

53 1235 149 1280 ream
184 1210 238 1280 uel
272 1207 441 1280 saburiam
472 1224 633 1286 terream,
668 1229 863 1299 quererer
895 1207 1071 1274 redeuutes
1099 1225 1179 1268 one·

53 1328 191 1392 rentur,
218 1327 251 1380 et
272 1315 321 1378 sie
339 1335 405 1378 une
432 1333 503 1378 cum
522 1312 642 1380 euclem
662 1306 832 1382 inlittora
856 1309 1084 1396 projiciuntur.
1120 1305 1180 1370 At·

55 1432 170 1484 temen
202 1418 270 1500 jam
296 1417 403 1501 megis
432 1435 528 1500 quarn
561 1425 658 1481 antea
690 1411 766 1481 talis
795 1408 907 1496 glarea
939 1413 973 1476 in
1001 1410 1180 1495 provinciis
1292 1415 1304 1434 ''

56 1505 313 1593 ΙιιιιειιιιΙὶοιιῚιιιι
339 1517 380 1584 ad
407 1527 532 1605 portua·
549 1515 743 1580 muniendos
767 1511 945 1580 adhibetur·
961 1527 996 1577 et
1017 1510 1181 1578 defoditur

57 1621 117 1689 uel
144 1619 211 1684 alte
237 1617 413 1704 lapidibus.
429 1619 629 1702 contegitur,
657 1615 740 1685 adeo
760 1615 799 1682 u't
819 1617 879 1682 lix
899 1615 966 1688 nisi
990 1613 1025 1676 in
1051 1625 1183 1698 septen,

58 1720 262 1790 trioualibus
284 1719 371 1786 uude
391 1719 591 1803 projicimur,
622 1715 677 1782 ubi
703 1719 751 1780 ric
767 1716 959 1808 ,aduentitiae
975 1713 1095 1800 plautae
1110 1714 1182 1778 lon·

63 1846 108 1910 ge
130 1824 245 1892 miuus
259 1821 464 1888 diseenriuari
479 1833 637 1906 possunt,
659 1818 800 1904 ideoque
819 1839 859 1882 eo
873 1820 981 1882 minus
995 1815 1092 1882 noun
1106 1829 1183 1882 runt

65 1923 289 1992 observandae.
341 1922 395 1992 Ex
419 1919 515 1992 ltalia
538 1921 698 2010 singulari
719 1919 872 2006 exemplo
894 1941 966 1984 eum
980 1931 1066 1984 terra
1078 1939 1182 2006 poure

62 2026 185 2096 uoleue
216 2023 420 2092 Cerlscronae
451 2023 560 2094 adlata
592 2023 645 2094 est'
679 2020 935 2090 Cocblearia
960 2020 1119 2100 Draba,
1148 2033 1182 2085 et

65 2143 156 2196 certe
184 2125 232 2192 ibi
255 2125 374 2195 melius
394 2147 489 2214 quam
506 2128 543 2193 in
559 2123 631 2194 ullo
645 2123 741 2196 horto
756 2123 927 2204 botanico,
948 2127 1094 2210 quamvis
1110 2121 1180 2188 sin'e
1207 2169 1212 2192 ι

65 2230 137 2300 ulla
151 2217 246 2306 cure,
261 2226 445 2294 censebitur
458 2225 623 2312 plantata,
638 2247 711 2293 cunr
723 2239 810 2290 terra
821 2227 933 2315 patriae
947 2231 1014 2290 sure
1029 2229 1063 2290 in
1074 2229 1183 2314 regio·

65 2356 111 2400 ue
131 2353 220 2396 nove
242 2329 385 2415 gaudere
408 2329 532 2419 possit,
561 2349 657 2414 quarn
677 2327 819 2416 plantum
839 2331 949 2414 itaque
969 2327 1182 2419 solojneetrae
1270 2413 1274 2421 ι

68 2435 185 2521 patrie
217 2429 400 2502 adscribere
431 2449 499 2496 uon
530 2449 717 2516 possumus,
769 2427 852 2498 Cum
878 2431 1042 2517 iamper
1071 2429 1188 2496 saeculi
1238 2501 1241 2512 ¹

69 2527 142 2606 fere
163 2535 401 2622 experientiam
424 2533 582 2610 ecimus,
608 2553 705 2620 quom
728 2545 817 2598 certe
839 2546 915 2618 post
937 2529 1040 2602 lustra
1058 2533 1184 2622 aliquot

68 2647 206 2726 pereant
235 2639 408 2702 etiterum
431 2633 505 2700 aliis
531 2653 592 2706 rue
606 2637 679 2702 viee
695 2637 851 2720 perituris
864 2633 1118 2716 substituantur,
1136 2638 1183 2700 itu
1211 2643 1216 2656 ’
1299 2653 1303 2662 “

70 2753 108 2806 ut
134 2760 264 2829 semper
291 2736 365 2805 ulie
396 2740 577 2825 iterumque
605 2735 678 2806 alie
706 2737 822 2806 fecieru
846 2759 963 2828 uagam
985 2735 1183 2824 florteprre·

69 2840 186 2908 biturae
217 2842 301 2920 sint,
339 2852 372 2906 et
401 2861 474 2906 curn
497 2840 636 2926 deniquo
659 2853 725 2906 tem
745 2861 877 2926 parvam
901 2853 1026 2928 purtem
1052 2853 1184 2930 uegetu-

72 2947 173 3012 tionis
198 2957 318 3010 nesure
342 2945 455 3032 patriae
482 2939 640 3020 efficiant,
664 2977 716 3000 -v
741 2955 828 3008 certe
851 2941 902 3010 bre
927 2963 1040 3011 omues
1068 2943 1184 3010 exclu-

74 3047 313 3125 deriserunt,
350 3047 530 3134 presertim
562 3047 599 3114 iu
629 3043 730 3114 Flora
762 3057 941 3130 presente,
961 3067 963 3074 ¹
981 3045 1207 3138 indagationi¹

73 3151 187 3240 petrice
214 3150 380 3216 interioris
405 3169 470 3236 ope
488 3147 718 3217 Sardianorum
733 3147 862 3214 domurn
876 3147 1079 3224 redeuntium
1091 3149 1184 3214 insti·

74 3251 205 3320 tuendae
226 3251 395 3318 destinate.
446 3249 562 3318 Potius
587 3250 709 3318 eedem
730 3238 907 3320 tolerandae
925 3253 1057 3318 suntin
1076 3251 1184 3318 Floria
1276 3295 1280 3304 -

76 3353 203 3448 urbium
235 3351 465 3440 specialiorurn
496 3352 594 3440 (sicut
620 3371 682 3420 nos
711 3354 808 3420 etiem
837 3355 873 3420 in
901 3351 1026 3420 Flora
1051 3351 1185 3444 lipsa·
1279 3353 1284 3362 '

77 3455 207 3526 lieusi
242 3476 340 3524 unmn
371 3455 548 3529 durumve
582 3455 637 3526 bie
668 3455 837 3525 exclusum
867 3456 1068 3544 adrnisimus)
1104 3475 1186 3544 prae·

38 3553 42 3562 ’
81 3560 189 3628 sertim
217 3557 495 3640 meridionalium,
535 3561 570 3626 in
601 3557 720 3650 qulbus
752 3559 892 3648 denique
923 3573 1021 3628 extra
1049 3562 1186 3649 putrium

82 3665 148 3748 (ex.
170 3683 220 3750 gr.
242 3645 629 3748 Beronnn'omninovou
651 3661 864 3752 frequentium
884 3681 976 3730 auam
993 3659 1101 3730 locum
1122 3659 1185 3726 sibi

7 3779 8 3786 ’
84 3755 265 3834 necessario
293 3765 469 3834 vindicent.
519 3761 575 3834 Ne
599 3785 678 3834 uero
704 3765 831 3853 interea
855 3763 938 3834 liber
961 3779 1074 3832 noster
1098 3767 1186 3830 muni

77 3869 199 3936 indicio
233 3864 417 3956 plenturbm
452 3868 701 3938 adventitiorum
730 3856 830 3956 vulgo
857 3881 1071 3938 assumtarrun
1099 3889 1187 3935 eure·
1303 3935 1314 3946 ,

84 3985 144 4051 ret,
163 3969 362 4067 *catalogum
388 3991 499 4042 earum
524 3973 566 4042 ed
590 3971 711 4044 celem
737 3972 933 4059 adjecimus,
962 3986 1187 4063 querularum
