2708 4682
931 135 937 164 l

876 173 880 188 t

197 354 286 430 'xmo
495 379 827 478 ⁸oonarreruo
881 380 1037 434 nuere

101 564 108 587 l
199 567 536 633 ’extra-smolandieae
571 591 610 632 eo
641 569 754 662 magia
776 569 958 632 maritimae
995 569 1089 643 sunt,
1118 582 1224 650 quum
1255 563 1331 628 ‹lno-

204 669 271 735 bue
298 672 436 734 dirersis
462 659 606 734 maribus
633 653 858 748 obvertuntur,
887 669 941 732 vel
966 671 1052 732 inter
1076 667 1199 732 haecce
1225 671 1330 731 maria

191 777 465 859 ‘promontorium
501 785 591 837 turn
608 771 821 838 orientalibus
847 787 925 836 tum
957 769 1216 836 occidentalibus
1253 789 1328 833 ven-

198 879 247 939 tio
278 875 426 961 obrutum
458 877 639 940 enormem
693 873 773 938 Inde
807 878 904 940 etiam
926 876 1058 952 evenit,
1091 883 1129 936 ut
1153 871 1224 936 hae
1255 893 1327 957 pro-

193 980 330 1061 .vineiae
369 982 489 1063 pinetir
520 976 603 1040 iere'
618 979 753 1041 'omnino
781 975 950 1053 orbentur,
983 977 1049 1040 nisi
1078 976 1121 1038 ad
1144 977 1326 1039 interiores

199 1079 287 1145 lines
318 1080 544 1144 Srnolandieos
575 1068 755 1166 (simulque
780 1077 999 1166 Polygono
1031 1079 1232 1163 viviparo
1267 1091 1323 1141 ete.

199 1181 430 1266 destituantur)
469 1195 502 1244 et
528 1203 641 1246 eornm
663 1181 737 1245 loe'o
761 1177 1059 1270 Fagetie‘lentibur
1092 1199 1166 1244 eum
1190 1181 1346 1244 Loni-¹

135 1267 137 1274 ,
201 1307 296 1349 cera
323 1283 633 1368 Periclymene,
663 1281 863 1349 Sambuco
891 1296 1058 1368 tegantur,
1085 1281 1143 1346 ubi
1166 1281 1322 1347 solleri-

135 1397 140 1406 ”
201 1401 273 1476 oeta
298 1399 468 1450 ventorum
486 1389 659 1451 nimiorum
675 1387 831 1472 producta
845 1387 1028 1471 llequentia
1042 1397 1161 1448 terram
1174 1405 1250 1449 mon
1267 1384 1321 1448 ult

198 1501 307 1552 ruunt.
359 1490 447 1553 Fere·
469 1489 511 1551 ob
536 1490 673 1552 eandem
696 1471 825 1552 eausanl
851 1487 1053 1552 limes‘inter
1074 1490 1320 1573 vegetationem

184 1591 392 1670 ‘orientalem
407 1605 440 1654 et
454 1589 687 1655 occidentalem
700 1589 747 1654 ibi
760 1590 862 1654 multo
877 1587 1155 1654 minus‘dettnitus
1170 1611 1275 1676 quarn
1290 1595 1319 1654 in

198 1693 406 1770 Smolaudia,
434 1678 671 1776 ventis'magir
693 1691 898 1776 regularibus
920 1691 961 1756 ab
975 1706 1114 1778 utroque
1130 1705 1261 1756 tantum
1276 1693 1320 1756 la·

198 1799 267 1858 t'ere
287 1794 433 1878 perflata.
473 1794 564 1858 Sicut
593 1795 682 1857 venti
701 1795 798 1857 extra
812 1793 1034 1860 Smolandiam
1048 1815 1123 1858 sese
1138 1796 1317 1859 decussata

170 1917 176 1926 ·
197 1897 359 1975 videntur,
388 1900 435 1961 sie
452 1898 559 1960 'etiam
579 1899 743 1981 vegetatio
759 1895 928 1960 orientalis
945 1909 978 1960 et
992 1895 1204 1962 occidentalis
1218 1896 1269 1965 ibi
1284 1919 1319 1961 se

196 2001 338 2064 invicem
366 1997 632 2064 transscendent:
658 2019 713 2070 ex.
729 2019 780 2084 gr.
800 1997 1097 2084 Melampyrum
1122 2003 1316 2064 uem‘oro-
1345 2037 1346 2048 ι

198 2121 283 2166 sum
310 2115 375 2166 tam
401 2099 560 2166 orientale
582 2121 688 2186 usque
714 2099 800 2165 ultra
819 2097 1021 2167 Hallamlsis
1047 2085 1215 2189 pervenit,
1239 2125 1316 2176 eum
1345 2087 1346 2090 Ἴ

197 2217 310 2269 eontra
332 2202 549 2270 occidentales
571 2202 650 2273 illae
671 2203 795 2268 Erica
818 2201 1022 2268 Tetralix
1046 2217 1079 2268 et
1101 2201 1315 2270 Gentiana

195 2303 539 2373 Pnevmonanthe
577 2326 618 2368 ne
644 2307 774 2395 quidem
807 2308 842 2369 in
865 2303 1041 2393 Blekingia
1068 2298 1198 2372 omnino
1222 2306 1314 2371 deai-

125 2440 130 2450 ,
197 2410 361 2474 derantur.
420 2408 572 2473 Attamen
606 2409 665 2470 vix
699 2405 832 2470 dubium
863 2407 1010 2486 videtur,
1044 2413 1124 2494 quin
1149 2413 1312 2500 vegetatio

196 2510 407 2576 occidentalis
421 2511 608 2602 ,generatim
632 2506 831 2594 praevaleat,
856 2511 903 2573 ita
927 2522 964 2574 ut
986 2510 1141 2576 Gothia
1166 2535 1312 2578 versus

161 2631 164 2641 ·
195 2615 415 2682 meridiem
457 2613 520 2678 hoe
559 2623 710 2696 respectu
744 2611 813 2675 fere
846 2623 917 2676 utut
950 2615 1150 2680 continuatio
1184 2615 1311 2681 Gothia

194 2735 312 2784 versus
334 2715 535 2781 occidentem
562 2715 799 2779 consideranda
824 2727 857 2778 et
878 2716 1044 2780 tractanda
1069 2719 1122 2782 sit.
1155 2717 1311 2802 Ejusdem

191 2822 375 2906 provinciis
405 2839 591 2884 cormnunes
618 2829 711 2882 sunt:
745 2816 1029 2905 Gnaphalinm
1053 2823 1309 2900 arenarium,

194 2919 421 2987 Cineraria
450 2919 678 3010 palustria,
721 2919 844 2986 Inula
869 2919 1102 3002 Pulicaria,
1144 2919 1310 2990 Chero-

166 3023 382 3110 ‘phyllum
413 3023 688 3101 Anthriseua,
730 3021 909 3110 Staehyr
937 3029 1153 3104 artensis,
1185 3025 1310 3093 Siron

94 3145 99 3160 ·
191 3127 459 3205 inundatum,
499 3127 659 3192 lunens
689 3128 919 3226 capitatus,
957 3127 1120 3194 Holeus'
1145 3128 1309 3210 mollis,

191 3228 292 3294 Aira
311 3247 501 3316 praecox,
525 3228 724 3293 Panicum
729 3207 1012 3328 sanguinale,
1033 3223 1244 3322 quamquam
1238 3233 1310 3324 ple·

189 3353 290 3420 tuque
318 3335 353 3398 in
378 3333 501 3398 Scania
520 3333 721 3417 frequentina
744 3337 960 3422 reperiuntur.

204 3468 207 3477 ·
292 3433 529 3502 Hallandia
554 3447 704 3521 respectu
729 3439 966 3523 vegetationis,
993 3441 1136 3503 maxime
1159 3441 1308 3506 occiden-

191 3535 266 3602 talia
295 3540 465 3622 provincia
494 3538 595 3606 totius
628 3541 722 3624 regni
754 3559 828 3603 erre
860 3541 997 3606 videtur.
1050 3541 1168 3606 Exstat
1197 3540 1282 3608 tbi·
1272 3567 1306 3612 ιιι

190 3637 336 3726 seopulis
368 3643 501 3708 extirnir
531 3643 677 3706 maxime
710 3641 911 3708 occidentale
942 3641 1026 3710 illud
1049 3641 1305 3731 Hyperieum

128 3732 131 3746 ¹
188 3742 424 3828 pulchrum,
453 3747 485 3809 e't
511 3757 654 3810 ueterum
678 3747 810 3809 erieeta'
826 3745 997 3812 lrutieuloe
1024 3742 1101 3810 illos
1127 3745 1304 3834 legumine-

182 3865 248 3910 noa
279 3849 349 3915 eeil.
380 3847 582 3914 Geniates
607 3848 786 3933 recipiunt,
819 3849 943 3936 vixque
967 3847 1052 3914 aliae
1077 3849 1189 3934 sylvae
1210 3873 1302 3938 quarn

188 3947 278 4016 lenta
309 3953 434 4040 Fageta
457 3947 641 4018 lichenibua
673 3947 842 4018 herbaceia
869 3951 989 4018 referta
1012 3955 1193 4033 exsistunt,
1220 3957 1302 4026 inter
