2708 4682
332 405 675 464 cousveerus
726 379 878 467 necue
999 455 1010 466 ,
1090 393 1206 466 ιωι’

32 617 120 666 rum
147 595 242 664 vulda
273 599 416 688 pendere
434 601 506 686 jum
529 615 635 690 pntct3
667 605 776 689 itaque
802 593 898 668 etiam
918 624 976 668 ees
1002 602 1043 668 ad
1066 599 1162 666 clima

34 701 104 766 vel
138 697 244 766 solnm
274 702 508 788 designandum
543 703 663 769 directe
686 726 801 790 purum
826 702 935 768 valere
959 703 1162 790 intelligitur.
1262 697 1266 704 ’

34 798 308 889 Progrediamur
337 803 729 893 plerumquequonsqne
760 805 842 870 lineo
875 803 929 868 vel
955 805 1011 869 illa
1038 803 1164 870 cultura

36 905 207 992 procedat
246 927 301 970 ex.
333 929 382 992 gr.
417 905 629 1000 Myagrum
668 929 838 995 quousque
876 907 997 972 Linum
1029 905 1162 972 colatur.
1250 961 1253 970 .

42 1007 287 1073 Centaurea
328 1007 495 1094 Cyanus
534 1006 649 1074 Secnle
687 1007 867 1094 hybernum
908 1012 1074 1095 sequitur,
1117 1021 1164 1072 at·

44 1124 163 1174 tamen
195 1111 335 1196 denique
368 1131 484 1174 versus
514 1111 718 1196 anponium
749 1109 860 1196 paullo
885 1114 977 1195 prius
1006 1111 1164 1174 desistere

46 1214 197 1298 cogitur;
234 1211 349 1277 Secale
375 1208 512 1276 vernum
539 1223 646 1274 autem
672 1215 704 1274 ei
726 1212 847 1276 tutelae
874 1212 929 1277 vol
947 1211 1089 1276 vehiculi
1114 1211 1165 1276 lo·
1218 1253 1222 1270 .

48 1336 91 1378 eo
131 1335 205 1378 esse
236 1335 302 1378 non
332 1326 452 1400 potest.
513 1311 568 1376 Sic
607 1311 776 1376 didicimus
809 1334 865 1378 cae
897 1317 1066 1397 regiones,
1109 1312 1165 1379 ubi

49 1427 179 1480 tantmu
208 1414 347 1500 Segetes
382 1411 535 1478 vernales
569 1410 738 1490 coluntur,
776 1411 858 1478 alias
888 1410 1008 1478 habere
1037 1414 1167 1499 plantas

51 1515 218 1604 agricolas
255 1514 328 1580 scil.
358 1511 597 1599 Raphanum
624 1511 963 1600 Raphanistrum.
1014 1512 1086 1579 Nec
1107 1519 1167 1580 mi·
1225 1519 1237 1524 “
1277 1559 1285 1580 .

50 1639 167 1684 ramur
196 1637 255 1680 eos
286 1637 402 1703 agros,
438 1617 493 1703 qui
526 1618 614 1680 omni
646 1635 731 1682 anno
765 1617 835 1681 iere
866 1617 981 1682 eodem
1005 1616 1178 1702 frumento,

53 1729 294 1796 conseruntur,
339 1717 527 1804 quibusdam
562 1715 672 1782 herbis
712 1715 882 1806 agricolis,
920 1718 971 1786 illi
1004 1719 1167 1784 frumento
1248 1711 1253 1732 ¹

55 1822 165 1906 magis
187 1815 350 1897 affinibus,
377 1823 487 1906 potina
508 1820 680 1885 infestatcs
704 1843 790 1899 esse,
817 1821 898 1886 adeo
925 1834 961 1885 ut
984 1843 1039 1884 eas
1063 1843 1083 1884 e
1102 1822 1169 1886 iru-

57 1937 169 1988 mentc
196 1923 270 2008 ipso
298 1942 412 2009 parum
445 1941 620 2010 segregare
649 1925 814 2007 possimus
837 1944 893 1988 ex.
914 1946 963 2009 gr.
987 1921 1168 1990 Avonam

55 2015 284 2112 strigosum
311 2036 345 2089 et
368 2022 535 2090 brevem
563 2037 597 2089 ct
620 2023 870 2090 orientalem
895 2022 936 2088 ab
958 2021 999 2088 Α.
1015 2027 1168 2106 sativa,

55 2129 197 2195 Pisum
219 2147 402 2192 arvense
427 2148 448 2190 a
471 2126 610 2192 sativo
638 2147 669 2190 e.
695 2147 723 2188 s.
747 2147 780 2211 p.
832 2125 920 2221 iiiuc
945 2145 985 2189 eo
1006 2129 1106 2192 tutius
1136 2120 1170 2192 et

54 2232 180 2298 rectius
211 2231 343 2315 putavi,
381 2227 441 2294 has
472 2247 604 2305 omnes,
641 2237 754 2312 utpote
782 2227 827 2292 ad
856 2229 1095 2314 vegetationem
1119 2231 1171 2294 in-

56 2335 229 2424 digenam,
265 2351 458 2424 quamquam
484 2329 719 2416 quodammodo
750 2341 979 2416 spontaneam,
1008 2348 1075 2395 uon
1096 2351 1171 2416 per·
1223 2357 1228 2363 ·
1280 2367 1283 2374 ·

59 2438 204 2501 tinentes
241 2435 392 2500 omittere
423 2446 457 2498 et
486 2431 514 2498 F
522 2429 621 2498 lorte
653 2430 830 2519 hospitae
856 2453 1043 2512 reservare,
1071 2433 1171 2520 idque
1215 2417 1219 2434 ⁴

60 2559 104 2604 co
137 2537 253 2626 magis.
274 2557 374 2624 quum
407 2535 449 2600 ad
466 2536 626 2622 ‘regioms
658 2547 780 2600 tantum
803 2534 939 2601 tuiuous
965 2537 1172 2602 extensionis

60 2643 258 2728 pertineant.
315 2635 394 2705 Nou
429 2638 536 2702 mium
568 2655 680 2724 qaam,
708 2639 927 2704 accessorium
959 2638 1022 2701 erit
1054 2657 1173 2704 omues

62 2742 147 2808 tales
189 2738 319 2828 plantas
360 2737 554 2813 excludere,
593 2737 722 2826 quando
762 2741 1035 2825 computationem
1072 2759 1172 2826 vege-
1214 2719 1226 2746 ¹

61 2846 196 2911 tationis
226 2841 401 2934 indigenae
430 2839 547 2922 talem,
580 2839 784 2938 qualis'jant
807 2844 971 2938 sequntur,
999 2843 1175 2912 instituere

60 2945 227 3030 volumus.

190 3129 237 3218 v.
290 3133 547 3216 Veoestrro
579 3154 808 3206 secuunuu
840 3119 1047 3206 uuueauu

456 3291 509 3346 ev
543 3269 787 3370 esseorum}

167 3443 209 3518 in
239 3445 523 3529 antecedentibus,
556 3446 614 3515 ubi
642 3446 787 3516 indolem
816 3451 1032 3538 vegetationis
1062 3449 1175 3538 rcs'pea‘

71 3563 125 3618 ctu
141 3551 237 3622 'coeli
270 3553 398 3645 solique
430 3545 726 3634 consideravimus,
759 3556 955 3640 computatio
983 3555 1088 3651 omnis
1114 3573 1175 3620 nu·

72 3655 153 3722 meri
175 3657 243 3723 iere
270 3653 477 3747 imposibilis‚
500 3653 612 3722 forsan
639 3657 735 3724 etiam
758 3677 872 3744 parum
896 3655 998 3736 utilis,
1019 3658 1092 3720 visa
1113 3665 1175 3722 est.

74 3757 147 3825 Jem
170 3759 308 3850 deniqne
333 3773 441 3830 antem
460 3761 712 3850 vegetationem,
734 3772 887 3849 quantum
901 3757 974 3826 sieri
986 3759 1108 3844 possit,
1123 3775 1175 3822 se·

74 3859 213 3928 cundum
233 3865 419 3952 provincias
441 3871 625 3954 tractusque
651 3877 759 3929 certos
780 3874 967 3950 computare
990 3857 1112 3945 placet,
1139 3869 1177 3928 ut

55 3963 260 4048 videamus,
290 3987 356 4061 quc
380 3965 442 4040 hae
466 3970 520 4036 vie
541 3970 713 4058 pervenire
738 3967 903 4058 possimus
926 3963 1177 4050 adcognomen·
