2708 4682
191 411 230 466 Ti
562 409 714 456 narro
759 409 941 454 OPERI!

109 673 115 680 .
193 633 316 687 naturm
344 631 430 684 sunt.
484 619 668 686 Praeserfim
694 617 817 707 regulas
841 619 1033 684 Linmeante
1057 613 1176 702 jubent
1201 617 1247 683 ab
1271 643 1321 685 ar·

96 731 98 738 ’
193 721 318 788 tillciali
352 721 504 787 methodo
544 746 604 810 per
636 743 758 808 genera
785 719 890 808 magis
921 719 1083 786 naturalia
1115 721 1251 786 demum
1279 725 1320 788 ad

157 887 161 896 ι
192 827 322 911 species
359 847 454 912 qnam
494 828 639 891 maxime
675 823 840 888 naturales
867 824 1032 889 accedere.
1094 821 1319 910 Progressum

193 927 291 1004 huno,
318 940 473 1012 quantum
490 931 667 1014 potuimus,
691 940 876 1013 sequenter,
903 925 1081 1017 classeset
1107 927 1244 990 ordines
1266 950 1317 990 ar·
1350 953 1352 1044 p

193 1025 343 1094 tificialer
380 1051 445 1094 non
481 1033 694 1107 mutavimus,
740 1032 775 1094 in
812 1050 1002 1116 quacunque
1036 1025 1142 1092 classe
1171 1032 1314 1115 primum
1351 1049 1352 1084 1

192 1131 326 1196 schema
355 1127 505 1197 ordinu'm
532 1148 564 1196 et
585 1151 742 1218 generum
768 1135 972 1222 synoptioum
991 1127 1044 1194 vel
1069 1129 1242 1195 artificiale
1260 1133 1313 1195 de-

192 1235 318 1312 dimus,
341 1234 416 1300 dein
435 1239 550 1322 generi
573 1237 689 1321 cuique
712 1255 772 1297 suo
794 1233 869 1298 loco
894 1233 1111 1297 characterem
1129 1237 1236 1319 magis
1258 1257 1312 1298 na-

190 1335 330 1400 turalem
364 1351 398 1401 et
427 1333 532 1402 insius
565 1335 764 1423 explicatum
797 1339 1023 1421 praemisimus.
1084 1335 1139 1400 Sic
1170 1336 1306 1423 denique

189 1438 233 1504 ad
257 1441 396 1526 species,
420 1441 568 1527 adeoque
592 1443 697 1525 ipsam
714 1441 874 1516 naturam,
897 1440 1126 1525 pervenientes
1138 1452 1236 1524 urget
1253 1461 1307 1504 nos

192 1543 329 1628 quaestio
362 1541 420 1610 illa
454 1563 574 1630 anceps
607 1544 740 1608 omnino
778 1554 812 1605 et
840 1541 949 1606 solutu
974 1539 1307 1627 perquam‘diffiuilis,

193 1635 367 1730 quousque
402 1647 529 1730 species
561 1654 700 1708 naturae'
715 1645 948 1708 convenienter
974 1641 1227 1728 multiplicandae
1255 1645 1309 1709 rel

191 1745 428 1831 distingvendae
452 1749 535 1826 sint,
562 1747 711 1834 qrraestio,
734 1747 876 1836 inquam,
901 1757 966 1810 tam
988 1729 1121 1833 ancep's,
1150 1759 1187 1810 nt
1208 1749 1309 1832 majo·

189 1869 260 1912 rem
290 1868 386 1935 quam
418 1846 487 1922 ulla
519 1845 584 1912 alia
615 1850 701 1913 inter
725 1844 902 1914 Botanicos
929 1849 1069 1912 moverit
1095 1847 1306 1929 discordiam,

114 1963 120 1978 ‘
190 1953 289 2015 immo
318 1962 351 2013 et
376 1963 448 2012 orta
471 1947 533 2015 hac
557 1952 598 2014 de
622 1972 658 2014 re
685 1953 771 2014 inter
796 1971 939 2015 summos
967 1953 1019 2014 sui
1042 1949 1154 2016 saculi
1176 1951 1306 2016 Botani-

191 2073 267 2132 cos,
299 2052 512 2117 Linnaenm
536 2064 570 2116 et
592 2050 829 2146 Hallerjum,
857 2053 1038 2132 dissensio,
1065 2055 1301 2122 inimicitiarum

192 2174 321 2242 qnoque
344 2153 429 2219 litote
453 2157 497 2219 sit
522 2159 627 2242 origo,
652 2153 732 2220 licet
751 2155 846 2221 ambo
859 2170 1007 2221 naturam
1021 2157 1208 2222 sincerrima
1221 2179 1305 2244 qna-

190 2255 372 2342 siverint⁸).
426 2253 572 2322 Necesse
596 2271 657 2335 est,
680 2272 728 2335 nt,
757 2281 830 2324 cum
854 2261 1014 2324 tramitem
1034 2259 1244 2324 Linnaeanum
1261 2258 1305 2325 ad

191 2362 320 2444 species
355 2357 591 2426 contrahendas
620 2381 819 2446 persequar,
858 2366 957 2427 etiam
984 2363 1128 2427 rationes
1159 2362 1227 2448 ejus
1255 2383 1303 2426 ex

187 2475 307 2526 natura
332 2466 469 2548 petitas,
497 2475 651 2548 quantum
674 2459 748 2526 fieri
770 2465 897 2549 possit,
926 2463 1103 2541 declarem,
1135 2485 1178 2527 ne
1203 2463 1305 2530 schis-

189 2578 278 2630 mata
305 2563 383 2631 talia
407 2566 544 2630 nimium
566 2577 766 2650 repetantur.
818 2563 951 2632 Naturae
978 2567 1144 2643 convenit,
1177 2579 1303 2652 utque

188 2667 296 2753 magis
319 2647 436 2732 versds
462 2679 606 2734 austrum
633 2665 865 2754 procedamus,
890 2691 929 2733 eo
953 2673 1057 2756 magis
1080 2667 1225 2732 luxuriet
1246 2689 1304 2732 ve.

189 2771 324 2860 genitio,
352 2781 385 2834 et
409 2789 449 2833 eo
475 2771 580 2856 magis
606 2769 743 2856 singulte
772 2776 899 2858 species
923 2775 957 2838 in
974 2776 1146 2836 varietates
1161 2768 1303 2836 dilaban-

188 2886 259 2950 tur,
292 2891 363 2959 quae
387 2871 516 2938 demum
536 2871 671 2950 formam
698 2876 804 2961 magis
828 2873 931 2941 fixam
958 2875 1092 2940 totidem
1121 2876 1300 2960 specierum

190 2989 370 3041 assumunt.
423 2973 563 3054 Contra,
598 2997 661 3062 quo
694 2980 799 3064 magis
826 2979 867 3043 ad
894 2981 1149 3065 septentrionem
1180 2977 1300 3042 accedi-

188 3097 273 3168 mus,
300 3100 340 3142 eo
364 3080 461 3143 etiam
489 3079 553 3144 sibi
577 3079 718 3144 invicem
739 3083 911 3166 propiores
935 3079 1018 3144 finnt
1039 3077 1089 3143 hae
1103 3079 1223 3158 iormae,
1247 3101 1301 3143 us-

189 3201 252 3266 que
279 3179 353 3245 dum
374 3179 429 3244 vel
451 3183 568 3246 iterum
597 3184 729 3247 omnino
756 3183 935 3260 confluunt,
963 3180 1018 3246 vel
1041 3197 1077 3247 ut
1099 3180 1299 3262 aberrantes,

188 3283 218 3346 si
250 3285 297 3346 ita
326 3283 450 3360 dicam,
484 3285 597 3349 forrare
637 3285 809 3374 principaii
841 3285 896 3350 vel
927 3283 1084 3354 cardinali
1117 3288 1236 3372 speciei
1263 3305 1299 3350 se

187 3387 284 3472 quasi
310 3385 507 3453 submittant.
559 3385 609 3452 lta
633 3389 778 3474 species,
802 3389 873 3453 iere
897 3401 932 3451 ut
951 3389 1071 3474 gradus
1090 3385 1299 3475 longitudinis

187 3483 280 3578 globi
308 3491 490 3576 terraquei,
525 3507 642 3554 versus
675 3493 844 3556 meridiem
870 3489 1045 3560 dilatantur
1071 3488 1126 3556 vel
1149 3490 1298 3576 multipli-

188 3602 319 3670 cantur,
351 3609 467 3662 versus
494 3593 750 3688 septentrionem
780 3613 859 3658 vero
887 3593 1120 3659 contrahuntur
1145 3591 1196 3658 vel
1219 3615 1295 3678 pan·

188 3693 295 3758 eiores
320 3690 413 3762 flunt.
465 3694 520 3761 Sic
544 3716 665 3781 emgr.
692 3693 920 3780 Corpdaiis
942 3695 1124 3762 bulbosa
1149 3721 1169 3760 α
1190 3694 1295 3780 digi-

187 3805 274 3866 tnta
302 3795 455 3884 (llalleri)
486 3798 526 3863 od
550 3800 721 3870 terminum
752 3819 846 3868 suum
876 3799 1041 3870 borealem
1064 3793 1205 3890 Upsaliee
1232 3809 1293 3868 tam

100 3961 103 3968 λ
189 3939 356 3964 m

228 4004 254 4090 Ἴ
276 4015 316 4070 De
339 4020 387 4072 hae
412 4037 514 4096 quoque
536 4041 564 4076 re
585 4017 729 4081 commutor
754 4017 849 4088 Saea,
872 4015 969 4102 Hciss.
984 4018 1016 4082 5.
1039 4035 1064 4073 s.
1086 4033 1155 4095 try.
