2708 4682
296 419 638 492 conseeccus'
684 441 834 491 accur
894 462 896 468 ·
1033 438 1152 490 xxxv·

9 649 50 714 ςι.
84 587 437 695 Rtrbus''urct¹icus
471 625 516 694 ibi
541 625 611 695 lere
639 625 879 706 desiderantur,
912 641 1121 696 cumcontra
1193 646 1194 655 ¹

9 733 96 796 iliae
132 729 253 796 ibidem
291 734 491 818 copiosiores
524 751 580 797 ex.
606 751 656 818 gr.
687 729 917 818 saxifraga
947 729 1157 824 cotyle-x
1263 799 1267 810 ,

9 833 108 911 lon,
129 837 368 924 1ιιιιρίιοιιι
393 837 455 899 etc.
483 829 537 899 'vel
566 849 690 904 tantum
713 829 761 915 ibi
783 846 951 928 repertae,
986 845 1022 900 ut
1045 827 1121 898 Po·

18 931 227 1022 ypodium
259 935 519 1024 Oreopteris.

113 1031 340 1124 Hegionem
364 1035 594 1104 lacustrem
615 1037 798 1126 alpinam
817 1037 899 1104 satis
923 1030 1122 1124 peculiarem

9 1137 44 1204 ul
75 1153 220 1206 centrum
244 1160 402 1206 summum
429 1138 550 1227 alpium
578 1140 841 1228 Lappouicarum
873 1138 1039 1208 exsistere
1064 1159 1122 1205 no·

9 1261 133 1319 anius,
173 1237 243 1308 scil.
274 1241 358 1310 circa
390 1237 482 1308 lacus
515 1239 687 1338 Virihjaur
722 1256 756 1308 et
788 1238 996 1329 Vastinjaur‚
1038 1261 1127 1328 quaa,

9 1343 139 1428 ¹›larrrtas
181 1343 308 1432 alpinas
346 1341 441 1410 valdo
481 1342 712 1410 meridionales
746 1359 803 1408 ext
833 1364 884 1432 gr.
913 1343 1121 1428 Satyriu'm

9 1441 214 1525 albidum,
253 1445 479 1530 Acpnitum
508 1439 793 1532 Lycoctonum
831 1451 854 1534 β
885 1443 1120 1524 lucescens,

9 1543 198 1613 Caricam
225 1543 480 1627 bicolorem,
505 1543 679 1614 Phacum
704 1542 966 1635 lappouicam
993 1541 1049 1612 vel
1074 1559 1122 1612 et·

10 1668 71 1715 arn
96 1651 248 1736 proprias
276 1653 360 1715 sicut
376 1645 625 1716 Arenariam
648 1647 898 1717 humiiusam
922 1647 991 1734 ulit.

110 1745 322 1838 Regiones
344 1748 556 1817 lacustres
582 1747 820 1837 sylvaticae
844 1751 920 1818 dein
945 1765 1048 1842 tottam
1073 1745 1121 1816 al-

9 1851 99 1938 pium
120 1851 237 1940 jugum
262 1849 420 1920 elevatius
447 1853 640 1920 comitantur
671 1868 705 1919 et
726 1853 913 1942 provincias
945 1853 976 1920 ei
1004 1855 1121 1940 proxi·

9 1975 78 2018 nas
101 1953 171 2018 scil.
187 1953 583 2043 Lapponiasplerasque‚
609 1955 849 2034 Jemuandiam
875 1949 1120 2042 Herjeirdaliam

9 2057 179 2125 etforsan
208 2059 305 2124 ctiam
329 2054 549 2124 Dalecarliam
573 2060 784 2126 constituunt.
835 2053 908 2122 Has
932 2055 1120 2145 provincius

9 2105 166 2223 lacustres
201 2163 295 2247 quasi
326 2173 415 2225 ortas
443 2179 518 2224 esse
543 2151 684 2222 vidimus
709 2175 768 2245 per
786 2177 903 2246 aquam
929 2155 970 2224 ub
991 2140 1120 2246 alpibus
1176 2216 1178 2222 .

9 2275 172 2340 arentem,
201 2259 260 2326 sed
284 2261 385 2326 dein
371 2258 462 2346 Jugis
476 2255 544 2324 illis
559 2255 773 2344 sylvestribus
787 2263 903 2348 partim
915 2255 1120 2348 rupestribus

9 2365 126 2448 partim
150 2355 332 2456 sabulosis,
369 2364 459 2450 ipsas
482 2355 522 2426 ab
545 2358 694 2428 inferiori
720 2361 932 2450 subsequenti
960 2373 992 2428 ct
1014 2365 1120 2450 magis

9 2431 146 2528 littorali
168 2473 268 2528 tractu
295 2457 537 2552 separantibus,
565 2464 659 2552 quasi
681 2460 856 2553 repulsam
908 2458 973 2531 Ubi
995 2461 1119 2552 alpium

9 2567 120 2652 iugum
149 2561 303 2632 htu'nilius
325 2567 433 2631 otadit
456 2561 509 2630 vel
537 2567 582 2630 ita
604 2563 738 2646 desinit,
765 2582 800 2632 ut
824 2567 916 2656 alpes
939 2567 1119 2634 maritimae

9 2671 73 2734 sint
106 2671 256 2733 diversae
285 2691 304 2733 a
327 2669 410 2756 jugo
441 2663 499 2732 illo
526 2668 680 2733 interiore
706 2691 806 2756 aquas
834 2669 875 2734 ad
899 2669 1028 2756 diversa
1051 2689 1118 2736 ma·

9 2772 56 2834 ria
81 2769 276 2862 dirigente
257 2767 337 2844 scil.
364 2774 399 2835 in
422 2765 595 2857 Lapponia
617 2763 782 2836 'lumensi
807 2788 886 2850 etc,
919 2766 966 2836 ibi
989 2791 1135 2860 quoquc·

9 2869 98 2936 nulla
132 2871 207 2938 talis
233 2873 326 2960 regio
357 2873 507 2938 lacustris
532 2869 669 2938 ulterius
697 2875 845 2950 exsistit;
880 2891 989 2940 uerum
1014 2893 1118 2962 aqtrae

9 2978 163 3040 continuo
196 2971 291 3040 fluxu
316 2973 356 3040 ab
377 2973 505 3062 alpibus
530 2993 634 3062 usque
661 2975 695 3040 in
719 2997 807 3040 nraro
832 2971 1015 3042 decurrunt.
1068 2973 1118 3044 lta

9 3078 105 3142 etiarn
127 3080 161 3142 in
175 3073 382 3157 Dalecarlia‚
409 3081 438 3142 si
452 3099 569 3164 nempe
584 3079 676 3182 regio
690 3056 789 3143 illa
762 3101 846 3151 circa
861 3075 964 3164 Siljan
979 3077 1041 3143 sita
1053 3077 1118 3144 huc

9 3199 73 3244 non
105 3193 308 3260 numeratur,
348 3199 431 3268 quae
463 3175 577 3246 saltem
608 3183 742 3246 nimium
775 3177 815 3248 ab
842 3179 970 3266 alpibus
993 3197 1118 3248 remota

9 3296 58 3347 est
84 3294 117 3347 et
141 3281 285 3373 qualis
275 3287 309 3349 ιιι
328 3279 516 3349 Dalecarlia
543 3281 736 3348 occidentali
760 3301 826 3347 nou
847 3283 1016 3369 reperitur.
1054 3277 1119 3350 Re·

9 3386 125 3468 giones
148 3387 252 3451 dictae
276 3385 452 3464 lacustres,
476 3405 665 3479 quamquam
695 3383 775 3450 satis
797 3388 882 3452 inter
897 3403 933 3450 se
948 3375 1117 3474 analogiae,

9 3497 115 3550 tamen
148 3473 318 3559 latitudine
351 3489 512 3554 intertium
544 3511 612 3554 non
637 3507 751 3576 parum
776 3484 944 3565 differunt,
977 3491 1022 3554 lia
1047 3482 1118 3552 scil.

9 3593 62 3652 ιιι
76 3609 134 3674 por
162 3589 352 3678 Lapponias
390 3589 457 3655 lere
487 3611 615 3678 semper
643 3587 793 3667 eaedem,
823 3591 918 3655 sed
908 3610 943 3655 ιιι
964 3587 1121 3656 Jonrtlan·

11 3689 66 3754 dia
106 3695 246 3757 omnium
274 3689 472 3772 latissimae,
507 3697 541 3759 in
572 3689 784 3777 llerjcaidalia
809 3689 924 3758 iterum
950 3705 1119 3780 angustae.

9 3793 195 3860 Secundum
235 3791 319 3862 banc
359 3799 515 3882 majorem
556 3799 754 3860 minoremve
785 3793 987 3864 latitudinem
1024 3791 1120 3858 etiarn

10 3897 170 3961 terminus
196 3915 307 3964 eurtum
334 3899 470 3965 inferior
497 3899 566 3986 (qui
593 3899 738 3964 terminis
765 3900 931 3964 stetisticis
957 3897 1042 3962 inter
1061 3893 1120 3960 lma

10 3999 146 4064 altiores
183 4011 215 4061 et
242 3999 609 4087 sequentes'insoriores
636 3999 821 4086 prouincias
849 4003 945 4066 etiam
968 3995 1120 4088 quodam·
