<?xml version="1.0" encoding="UTF-8"?>
<!DOCTYPE html PUBLIC "-//W3C//DTD XHTML 1.0 Transitional//EN"
    "http://www.w3.org/TR/xhtml1/DTD/xhtml1-transitional.dtd">
<html xmlns="http://www.w3.org/1999/xhtml" xml:lang="en" lang="en">
 <head>
  <title>
</title>
<meta http-equiv="Content-Type" content="text/html;charset=utf-8" />
  <meta name='ocr-system' content='tesseract 3.04.00' />
  <meta name='ocr-capabilities' content='ocr_page ocr_carea ocr_par ocr_line ocrx_word'/>
</head>
<body>
  <div class='ocr_page' id='page_1' title='image "./florasvecicaenu00wahlgoog_0020.png"; bbox 0 0 2708 4682; ppageno 0'>
   <div class='ocr_carea' id='block_1_1' title="bbox 1211 251 1217 280">
    <p class='ocr_par' dir='ltr' id='par_1_1' title="bbox 1211 251 1217 280">
     <span class='ocr_line' id='line_1_1' title="bbox 1211 251 1217 280; baseline 0 0"><span class='ocrx_word' id='word_1_1' title='bbox 1211 251 1217 280; x_wconf 85' lang='lat' dir='ltr'>l</span> 
     </span>
    </p>
   </div>
   <div class='ocr_carea' id='block_1_2' title="bbox 385 352 1212 440">
    <p class='ocr_par' dir='ltr' id='par_1_2' title="bbox 385 352 1212 440">
     <span class='ocr_line' id='line_1_2' title="bbox 385 352 1212 440; baseline -0.015 -18"><span class='ocrx_word' id='word_1_2' title='bbox 385 352 386 361; x_wconf 72' lang='grc'>’</span> <span class='ocrx_word' id='word_1_3' title='bbox 471 367 848 440; x_wconf 76' lang='lat' dir='ltr'>usrtooreats</span> <span class='ocrx_word' id='word_1_4' title='bbox 1087 405 1089 412; x_wconf 84' lang='grc'><strong>,</strong></span> <span class='ocrx_word' id='word_1_5' title='bbox 1176 363 1212 412; x_wconf 87' lang='lat' dir='ltr'>xr</span> 
     </span>
    </p>
   </div>
   <div class='ocr_carea' id='block_1_3' title="bbox 1 585 1298 3132">
    <p class='ocr_par' dir='ltr' id='par_1_3' title="bbox 1 585 1298 3132">
     <span class='ocr_line' id='line_1_3' title="bbox 58 585 1209 670; baseline -0.003 -19"><span class='ocrx_word' id='word_1_6' title='bbox 58 591 314 668; x_wconf 63' lang='lat' dir='ltr'>tisanana-um,</span> <span class='ocrx_word' id='word_1_7' title='bbox 340 585 518 656; x_wconf 86' lang='lat' dir='ltr'>sufficiente</span> <span class='ocrx_word' id='word_1_8' title='bbox 549 587 636 654; x_wconf 91' lang='lat' dir='ltr'>haud</span> <span class='ocrx_word' id='word_1_9' title='bbox 660 591 809 654; x_wconf 86' lang='lat' dir='ltr'>instituto</span> <span class='ocrx_word' id='word_1_10' title='bbox 835 589 1012 664; x_wconf 64' lang='lat' dir='ltr'>examine„</span> <span class='ocrx_word' id='word_1_11' title='bbox 1033 586 1146 670; x_wconf 86' lang='lat' dir='ltr'>injecit</span> <span class='ocrx_word' id='word_1_12' title='bbox 1175 596 1209 647; x_wconf 88' lang='lat' dir='ltr'>et</span> 
     </span>
     <span class='ocr_line' id='line_1_4' title="bbox 62 675 1207 780; baseline -0.007 -24"><span class='ocrx_word' id='word_1_13' title='bbox 62 691 195 756; x_wconf 89' lang='lat' dir='ltr'>titulis</span> <span class='ocrx_word' id='word_1_14' title='bbox 225 714 361 780; x_wconf 87' lang='lat' dir='ltr'>operum</span> <span class='ocrx_word' id='word_1_15' title='bbox 390 713 531 772; x_wconf 85' lang='lat' dir='ltr'>suorum,</span> <span class='ocrx_word' id='word_1_16' title='bbox 558 694 629 756; x_wconf 90' lang='lat' dir='ltr'>sine</span> <span class='ocrx_word' id='word_1_17' title='bbox 655 691 730 756; x_wconf 93' lang='lat' dir='ltr'>loco</span> <span class='ocrx_word' id='word_1_18' title='bbox 753 688 964 756; x_wconf 74' lang='lat' dir='ltr'>habitationis</span> <span class='ocrx_word' id='word_1_19' title='bbox 990 675 1207 774; x_wconf 83' lang='lat' dir='ltr'>saeparemo-</span> 
     </span>
     <span class='ocr_line' id='line_1_5' title="bbox 66 792 1208 882; baseline -0.004 -26"><span class='ocrx_word' id='word_1_20' title='bbox 66 797 225 858; x_wconf 89' lang='lat' dir='ltr'>tissimo</span> <span class='ocrx_word' id='word_1_21' title='bbox 253 795 420 882; x_wconf 84' lang='lat' dir='ltr'>adposito,</span> <span class='ocrx_word' id='word_1_22' title='bbox 454 795 646 880; x_wconf 62' lang='lat' dir='ltr'>signavim).</span> <span class='ocrx_word' id='word_1_23' title='bbox 698 793 827 860; x_wconf 84' lang='lat' dir='ltr'>Interea</span> <span class='ocrx_word' id='word_1_24' title='bbox 853 792 957 856; x_wconf 84' lang='lat' dir='ltr'>adhuc</span> <span class='ocrx_word' id='word_1_25' title='bbox 984 793 1060 857; x_wconf 81' lang='lat' dir='ltr'>tun&#39;c</span> <span class='ocrx_word' id='word_1_26' title='bbox 1083 803 1208 874; x_wconf 87' lang='lat' dir='ltr'>tempo·</span> 
     </span>
     <span class='ocr_line' id='line_1_6' title="bbox 67 892 1209 984; baseline -0.004 -24"><span class='ocrx_word' id='word_1_27' title='bbox 67 899 128 960; x_wconf 84' lang='lat' dir='ltr'>ris</span> <span class='ocrx_word' id='word_1_28' title='bbox 158 897 257 964; x_wconf 87' lang='lat' dir='ltr'>haud</span> <span class='ocrx_word' id='word_1_29' title='bbox 280 900 438 964; x_wconf 89' lang='lat' dir='ltr'>incertum</span> <span class='ocrx_word' id='word_1_30' title='bbox 463 897 541 975; x_wconf 89' lang='lat' dir='ltr'>luit,</span> <span class='ocrx_word' id='word_1_31' title='bbox 575 917 731 984; x_wconf 89' lang='lat' dir='ltr'>quasnam</span> <span class='ocrx_word' id='word_1_32' title='bbox 755 893 885 980; x_wconf 88' lang='lat' dir='ltr'>plantas</span> <span class='ocrx_word' id='word_1_33' title='bbox 916 892 977 958; x_wconf 88' lang='lat' dir='ltr'>sub</span> <span class='ocrx_word' id='word_1_34' title='bbox 1004 894 1209 958; x_wconf 77' lang='lat' dir='ltr'>excursioni-</span> 
     </span>
     <span class='ocr_line' id='line_1_7' title="bbox 68 995 1207 1086; baseline -0.002 -24"><span class='ocrx_word' id='word_1_35' title='bbox 68 995 143 1062; x_wconf 88' lang='lat' dir='ltr'>bus</span> <span class='ocrx_word' id='word_1_36' title='bbox 179 1001 270 1066; x_wconf 88' lang='lat' dir='ltr'>circa</span> <span class='ocrx_word' id='word_1_37' title='bbox 301 995 470 1086; x_wconf 87' lang='lat' dir='ltr'>Upsaliam</span> <span class='ocrx_word' id='word_1_38' title='bbox 501 1001 660 1066; x_wconf 85' lang='lat' dir='ltr'>institutis</span> <span class='ocrx_word' id='word_1_39' title='bbox 694 995 882 1076; x_wconf 81' lang='lat' dir='ltr'>exhibuerit</span> <span class='ocrx_word' id='word_1_40' title='bbox 914 1009 947 1060; x_wconf 90' lang='lat' dir='ltr'>ct</span> <span class='ocrx_word' id='word_1_41' title='bbox 975 1017 1012 1060; x_wconf 92' lang='lat' dir='ltr'>ra</span> <span class='ocrx_word' id='word_1_42' title='bbox 1039 1017 1120 1060; x_wconf 86' lang='lat' dir='ltr'>vera</span> <span class='ocrx_word' id='word_1_43' title='bbox 1147 1014 1207 1078; x_wconf 88' lang='lat' dir='ltr'>pro</span> 
     </span>
     <span class='ocr_line' id='line_1_8' title="bbox 70 1095 1208 1190; baseline -0.004 -26"><span class='ocrx_word' id='word_1_44' title='bbox 70 1103 154 1164; x_wconf 83' lang='lat' dir='ltr'>suis</span> <span class='ocrx_word' id='word_1_45' title='bbox 183 1100 354 1180; x_wconf 85' lang='lat' dir='ltr'>habuerit,</span> <span class='ocrx_word' id='word_1_46' title='bbox 383 1102 424 1165; x_wconf 90' lang='lat' dir='ltr'>de</span> <span class='ocrx_word' id='word_1_47' title='bbox 448 1101 564 1189; x_wconf 87' lang='lat' dir='ltr'>quibus</span> <span class='ocrx_word' id='word_1_48' title='bbox 587 1100 708 1187; x_wconf 83' lang='lat' dir='ltr'>plantis</span> <span class='ocrx_word' id='word_1_49' title='bbox 730 1111 891 1190; x_wconf 79' lang='lat' dir='ltr'>testantur</span> <span class='ocrx_word' id='word_1_50' title='bbox 913 1100 1006 1172; x_wconf 80' lang='lat' dir='ltr'>uaria</span> <span class='ocrx_word' id='word_1_51' title='bbox 1032 1095 1208 1182; x_wconf 87' lang='lat' dir='ltr'>discipulo-</span> 
     </span>
     <span class='ocr_line' id='line_1_9' title="bbox 68 1201 1207 1290; baseline -0.007 -20"><span class='ocrx_word' id='word_1_52' title='bbox 68 1223 159 1270; x_wconf 82' lang='lat' dir='ltr'>rum</span> <span class='ocrx_word' id='word_1_53' title='bbox 187 1201 352 1270; x_wconf 86' lang='lat' dir='ltr'>Herbaria</span> <span class='ocrx_word' id='word_1_54' title='bbox 378 1226 477 1290; x_wconf 87' lang='lat' dir='ltr'>saepe</span> <span class='ocrx_word' id='word_1_55' title='bbox 510 1207 614 1290; x_wconf 86' lang='lat' dir='ltr'>ipsius</span> <span class='ocrx_word' id='word_1_56' title='bbox 641 1203 859 1290; x_wconf 88' lang='lat' dir='ltr'>praeceptoris</span> <span class='ocrx_word' id='word_1_57' title='bbox 882 1203 1013 1286; x_wconf 89' lang='lat' dir='ltr'>propria</span> <span class='ocrx_word' id='word_1_58' title='bbox 1035 1221 1134 1264; x_wconf 86' lang='lat' dir='ltr'>manu</span> <span class='ocrx_word' id='word_1_59' title='bbox 1162 1202 1207 1263; x_wconf 90' lang='lat' dir='ltr'>si-</span> 
     </span>
     <span class='ocr_line' id='line_1_10' title="bbox 71 1299 1207 1390; baseline -0.004 -20"><span class='ocrx_word' id='word_1_60' title='bbox 71 1318 193 1390; x_wconf 85' lang='lat' dir='ltr'>gnata</span> <span class='ocrx_word' id='word_1_61' title='bbox 208 1320 240 1372; x_wconf 87' lang='lat' dir='ltr'>at</span> <span class='ocrx_word' id='word_1_62' title='bbox 254 1306 358 1374; x_wconf 88' lang='lat' dir='ltr'>adbuc</span> <span class='ocrx_word' id='word_1_63' title='bbox 375 1319 552 1372; x_wconf 85' lang='lat' dir='ltr'>asservata.</span> <span class='ocrx_word' id='word_1_64' title='bbox 577 1305 671 1370; x_wconf 86' lang='lat' dir='ltr'>Haeo</span> <span class='ocrx_word' id='word_1_65' title='bbox 685 1307 770 1370; x_wconf 86' lang='lat' dir='ltr'>inter</span> <span class='ocrx_word' id='word_1_66' title='bbox 785 1305 909 1370; x_wconf 84' lang='lat' dir='ltr'>exteris</span> <span class='ocrx_word' id='word_1_67' title='bbox 923 1315 1032 1368; x_wconf 85' lang='lat' dir='ltr'>exstat</span> <span class='ocrx_word' id='word_1_68' title='bbox 1046 1299 1207 1366; x_wconf 86' lang='lat' dir='ltr'>Collectio</span> 
     </span>
     <span class='ocr_line' id='line_1_11' title="bbox 72 1403 1208 1510; baseline -0.005 -36"><span class='ocrx_word' id='word_1_69' title='bbox 72 1409 200 1493; x_wconf 76' lang='lat' dir='ltr'>ipsius</span> <span class='ocrx_word' id='word_1_70' title='bbox 232 1408 403 1501; x_wconf 79' lang='lat' dir='ltr'>Ebrharti,</span> <span class='ocrx_word' id='word_1_71' title='bbox 434 1410 499 1472; x_wconf 87' lang='lat' dir='ltr'>viri</span> <span class='ocrx_word' id='word_1_72' title='bbox 530 1409 709 1472; x_wconf 81' lang='lat' dir='ltr'>acutissimi</span> <span class='ocrx_word' id='word_1_73' title='bbox 737 1417 881 1472; x_wconf 83' lang='lat' dir='ltr'>atcerte</span> <span class='ocrx_word' id='word_1_74' title='bbox 904 1426 970 1468; x_wconf 93' lang='lat' dir='ltr'>non</span> <span class='ocrx_word' id='word_1_75' title='bbox 993 1403 1208 1510; x_wconf 84' lang='lat' dir='ltr'>negligentis,</span> 
     </span>
     <span class='ocr_line' id='line_1_12' title="bbox 75 1505 1207 1596; baseline 0.002 -25"><span class='ocrx_word' id='word_1_76' title='bbox 75 1508 166 1586; x_wconf 89' lang='lat' dir='ltr'>ubi,</span> <span class='ocrx_word' id='word_1_77' title='bbox 203 1532 280 1576; x_wconf 91' lang='lat' dir='ltr'>cum</span> <span class='ocrx_word' id='word_1_78' title='bbox 307 1531 353 1576; x_wconf 81' lang='lat' dir='ltr'>ex</span> <span class='ocrx_word' id='word_1_79' title='bbox 377 1506 597 1594; x_wconf 82' lang='lat' dir='ltr'>singularibus</span> <span class='ocrx_word' id='word_1_80' title='bbox 619 1508 709 1572; x_wconf 88' lang='lat' dir='ltr'>illins</span> <span class='ocrx_word' id='word_1_81' title='bbox 733 1507 922 1572; x_wconf 88' lang='lat' dir='ltr'>nominandi</span> <span class='ocrx_word' id='word_1_82' title='bbox 948 1505 1117 1596; x_wconf 82' lang='lat' dir='ltr'>principiis</span> <span class='ocrx_word' id='word_1_83' title='bbox 1142 1525 1207 1573; x_wconf 91' lang='lat' dir='ltr'>nou</span> 
     </span>
     <span class='ocr_line' id='line_1_13' title="bbox 76 1608 1209 1698; baseline -0.004 -21"><span class='ocrx_word' id='word_1_84' title='bbox 76 1625 279 1698; x_wconf 81' lang='lat' dir='ltr'>permutata</span> <span class='ocrx_word' id='word_1_85' title='bbox 301 1614 384 1688; x_wconf 88' lang='lat' dir='ltr'>sint,</span> <span class='ocrx_word' id='word_1_86' title='bbox 418 1613 514 1678; x_wconf 87' lang='lat' dir='ltr'>etiam</span> <span class='ocrx_word' id='word_1_87' title='bbox 539 1630 624 1674; x_wconf 92' lang='lat' dir='ltr'>nunc</span> <span class='ocrx_word' id='word_1_88' title='bbox 647 1611 891 1696; x_wconf 83' lang='lat' dir='ltr'>conspiciuntur</span> <span class='ocrx_word' id='word_1_89' title='bbox 905 1610 965 1696; x_wconf 69' lang='lat'>’*)</span> <span class='ocrx_word' id='word_1_90' title='bbox 1017 1608 1209 1672; x_wconf 86' lang='lat' dir='ltr'>Permansa·</span> 
     </span>
     <span class='ocr_line' id='line_1_14' title="bbox 77 1697 1208 1800; baseline -0.001 -21"><span class='ocrx_word' id='word_1_91' title='bbox 77 1725 173 1779; x_wconf 77' lang='lat' dir='ltr'>runt</span> <span class='ocrx_word' id='word_1_92' title='bbox 221 1711 302 1779; x_wconf 88' lang='lat' dir='ltr'>haec</span> <span class='ocrx_word' id='word_1_93' title='bbox 349 1715 480 1778; x_wconf 86' lang='lat' dir='ltr'>nomina</span> <span class='ocrx_word' id='word_1_94' title='bbox 524 1712 705 1779; x_wconf 86' lang='lat' dir='ltr'>Linuaeana</span> <span class='ocrx_word' id='word_1_95' title='bbox 751 1731 855 1800; x_wconf 87' lang='lat' dir='ltr'>usque</span> <span class='ocrx_word' id='word_1_96' title='bbox 900 1697 976 1778; x_wconf 90' lang='lat' dir='ltr'>dum</span> <span class='ocrx_word' id='word_1_97' title='bbox 1011 1709 1208 1779; x_wconf 87' lang='lat' dir='ltr'>Herbarium</span> 
     </span>
     <span class='ocr_line' id='line_1_15' title="bbox 80 1812 1207 1900; baseline 0 -22"><span class='ocrx_word' id='word_1_98' title='bbox 80 1813 357 1883; x_wconf 78' lang='lat' dir='ltr'>Liunaeanum</span> <span class='ocrx_word' id='word_1_99' title='bbox 346 1836 381 1882; x_wconf 88' lang='lat' dir='ltr'>m</span> <span class='ocrx_word' id='word_1_100' title='bbox 412 1812 534 1900; x_wconf 83' lang='lat' dir='ltr'>Anglia</span> <span class='ocrx_word' id='word_1_101' title='bbox 564 1824 800 1900; x_wconf 84' lang='lat' dir='ltr'>perscrutatum</span> <span class='ocrx_word' id='word_1_102' title='bbox 830 1813 928 1880; x_wconf 81' lang='lat' dir='ltr'>luerit</span> <span class='ocrx_word' id='word_1_103' title='bbox 957 1827 990 1878; x_wconf 89' lang='lat' dir='ltr'>et</span> <span class='ocrx_word' id='word_1_104' title='bbox 1015 1812 1115 1900; x_wconf 83' lang='lat' dir='ltr'>longe</span> <span class='ocrx_word' id='word_1_105' title='bbox 1142 1813 1207 1879; x_wconf 90' lang='lat' dir='ltr'>alia</span> 
     </span>
     <span class='ocr_line' id='line_1_16' title="bbox 81 1913 1206 2009; baseline -0.005 -25"><span class='ocrx_word' id='word_1_106' title='bbox 81 1913 139 1984; x_wconf 89' lang='lat' dir='ltr'>ibi</span> <span class='ocrx_word' id='word_1_107' title='bbox 174 1938 248 1982; x_wconf 87' lang='lat' dir='ltr'>asse</span> <span class='ocrx_word' id='word_1_108' title='bbox 279 1928 409 2002; x_wconf 80' lang='lat' dir='ltr'>reperta</span> <span class='ocrx_word' id='word_1_109' title='bbox 442 1916 612 1982; x_wconf 84' lang='lat' dir='ltr'>didicerint</span> <span class='ocrx_word' id='word_1_110' title='bbox 635 1914 785 1982; x_wconf 88' lang='lat' dir='ltr'>Botanici</span> <span class='ocrx_word' id='word_1_111' title='bbox 809 1917 926 1982; x_wconf 86' lang='lat' dir='ltr'>exteri.</span> <span class='ocrx_word' id='word_1_112' title='bbox 979 1915 1073 1985; x_wconf 84' lang='lat' dir='ltr'>Haec</span> <span class='ocrx_word' id='word_1_113' title='bbox 1100 1927 1206 2009; x_wconf 79' lang='lat' dir='ltr'>autem</span> 
     </span>
     <span class='ocr_line' id='line_1_17' title="bbox 58 2015 1239 2108; baseline 0.003 -28"><span class='ocrx_word' id='word_1_114' title='bbox 58 2015 217 2106; x_wconf 59' lang='lat' dir='ltr'>‚absque</span> <span class='ocrx_word' id='word_1_115' title='bbox 250 2018 319 2083; x_wconf 87' lang='lat' dir='ltr'>ulla</span> <span class='ocrx_word' id='word_1_116' title='bbox 346 2017 547 2084; x_wconf 84' lang='lat' dir='ltr'>dubitatione</span> <span class='ocrx_word' id='word_1_117' title='bbox 578 2030 787 2106; x_wconf 84' lang='lat' dir='ltr'>receperunt,</span> <span class='ocrx_word' id='word_1_118' title='bbox 825 2020 919 2108; x_wconf 87' lang='lat' dir='ltr'>quasi</span> <span class='ocrx_word' id='word_1_119' title='bbox 951 2018 1041 2086; x_wconf 85' lang='lat' dir='ltr'>nulla</span> <span class='ocrx_word' id='word_1_120' title='bbox 1065 2021 1206 2106; x_wconf 82' lang='lat' dir='ltr'>vestigio</span> <span class='ocrx_word' id='word_1_121' title='bbox 1232 2045 1239 2064; x_wconf 89' lang='lat'><strong>·</strong></span> 
     </span>
     <span class='ocr_line' id='line_1_18' title="bbox 85 2119 1204 2208; baseline 0.003 -20"><span class='ocrx_word' id='word_1_122' title='bbox 85 2119 274 2188; x_wconf 81' lang='lat' dir='ltr'>Linmeana</span> <span class='ocrx_word' id='word_1_123' title='bbox 308 2120 369 2186; x_wconf 92' lang='lat' dir='ltr'>sub</span> <span class='ocrx_word' id='word_1_124' title='bbox 396 2121 488 2185; x_wconf 92' lang='lat' dir='ltr'>coelo</span> <span class='ocrx_word' id='word_1_125' title='bbox 520 2124 720 2188; x_wconf 78' lang='lat' dir='ltr'>exsisterent</span> <span class='ocrx_word' id='word_1_126' title='bbox 745 2135 875 2208; x_wconf 87' lang='lat' dir='ltr'>praeter</span> <span class='ocrx_word' id='word_1_127' title='bbox 899 2119 980 2186; x_wconf 93' lang='lat' dir='ltr'>illud</span> <span class='ocrx_word' id='word_1_128' title='bbox 1010 2119 1204 2191; x_wconf 84' lang='lat' dir='ltr'>herbarium</span> 
     </span>
     <span class='ocr_line' id='line_1_19' title="bbox 1 2217 1203 2312; baseline -0.003 -20"><span class='ocrx_word' id='word_1_129' title='bbox 1 2265 2 2272; x_wconf 33' lang='grc' dir='ltr'>ι</span> <span class='ocrx_word' id='word_1_130' title='bbox 86 2217 167 2292; x_wconf 89' lang='lat' dir='ltr'>Nos</span> <span class='ocrx_word' id='word_1_131' title='bbox 192 2237 302 2288; x_wconf 86' lang='lat' dir='ltr'>eutem</span> <span class='ocrx_word' id='word_1_132' title='bbox 328 2223 517 2290; x_wconf 90' lang='lat' dir='ltr'>nominibus</span> <span class='ocrx_word' id='word_1_133' title='bbox 540 2219 609 2290; x_wconf 84' lang='lat' dir='ltr'>illis</span> <span class='ocrx_word' id='word_1_134' title='bbox 637 2227 778 2312; x_wconf 83' lang='lat' dir='ltr'>antiquis</span> <span class='ocrx_word' id='word_1_135' title='bbox 803 2245 822 2287; x_wconf 92' lang='lat' dir='ltr'>a</span> <span class='ocrx_word' id='word_1_136' title='bbox 845 2227 984 2310; x_wconf 85' lang='lat' dir='ltr'>pueritia</span> <span class='ocrx_word' id='word_1_137' title='bbox 1008 2225 1132 2290; x_wconf 85' lang='lat' dir='ltr'>adsveti</span> <span class='ocrx_word' id='word_1_138' title='bbox 1150 2245 1203 2288; x_wconf 85' lang='lat' dir='ltr'>ea-</span> 
     </span>
     <span class='ocr_line' id='line_1_20' title="bbox 1 2311 1204 2414; baseline 0.003 -27"><span class='ocrx_word' id='word_1_139' title='bbox 1 2379 2 2387; x_wconf 73' lang='grc'>,</span> <span class='ocrx_word' id='word_1_140' title='bbox 90 2311 171 2390; x_wconf 87' lang='lat' dir='ltr'>dem</span> <span class='ocrx_word' id='word_1_141' title='bbox 198 2329 346 2393; x_wconf 83' lang='lat' dir='ltr'>omittere</span> <span class='ocrx_word' id='word_1_142' title='bbox 375 2329 560 2414; x_wconf 85' lang='lat' dir='ltr'>neutiquam</span> <span class='ocrx_word' id='word_1_143' title='bbox 586 2347 762 2414; x_wconf 87' lang='lat' dir='ltr'>possumus</span> <span class='ocrx_word' id='word_1_144' title='bbox 788 2322 831 2389; x_wconf 94' lang='lat' dir='ltr'>ob</span> <span class='ocrx_word' id='word_1_145' title='bbox 857 2338 922 2390; x_wconf 91' lang='lat' dir='ltr'>tam</span> <span class='ocrx_word' id='word_1_146' title='bbox 946 2325 1078 2390; x_wconf 82' lang='lat' dir='ltr'>fallaces</span> <span class='ocrx_word' id='word_1_147' title='bbox 1105 2329 1204 2390; x_wconf 87' lang='lat' dir='ltr'>ratio</span> 
     </span>
     <span class='ocr_line' id='line_1_21' title="bbox 92 2427 1298 2516; baseline 0.002 -24"><span class='ocrx_word' id='word_1_148' title='bbox 92 2447 175 2504; x_wconf 85' lang='lat' dir='ltr'>ues;</span> <span class='ocrx_word' id='word_1_149' title='bbox 207 2429 265 2496; x_wconf 87' lang='lat' dir='ltr'>sed</span> <span class='ocrx_word' id='word_1_150' title='bbox 293 2427 430 2496; x_wconf 85' lang='lat' dir='ltr'>testibus</span> <span class='ocrx_word' id='word_1_151' title='bbox 465 2427 656 2499; x_wconf 85' lang='lat' dir='ltr'>certioribus</span> <span class='ocrx_word' id='word_1_152' title='bbox 681 2428 752 2496; x_wconf 88' lang='lat' dir='ltr'>scil.</span> <span class='ocrx_word' id='word_1_153' title='bbox 776 2431 904 2516; x_wconf 86' lang='lat' dir='ltr'>scriptis</span> <span class='ocrx_word' id='word_1_154' title='bbox 930 2431 1001 2514; x_wconf 80' lang='lat' dir='ltr'>ejus</span> <span class='ocrx_word' id='word_1_155' title='bbox 1025 2451 1095 2492; x_wconf 91' lang='lat' dir='ltr'>cum</span> <span class='ocrx_word' id='word_1_156' title='bbox 1118 2441 1203 2496; x_wconf 88' lang='lat' dir='ltr'>terra</span> <span class='ocrx_word' id='word_1_157' title='bbox 1296 2429 1298 2432; x_wconf 72' lang='grc'><strong>’</strong></span> 
     </span>
     <span class='ocr_line' id='line_1_22' title="bbox 89 2525 1203 2620; baseline -0.005 -20"><span class='ocrx_word' id='word_1_158' title='bbox 89 2527 136 2596; x_wconf 67' lang='grc' dir='ltr'>ιώ</span> <span class='ocrx_word' id='word_1_159' title='bbox 160 2532 234 2615; x_wconf 79' lang='lat' dir='ltr'>ipso</span> <span class='ocrx_word' id='word_1_160' title='bbox 259 2525 324 2600; x_wconf 72' lang='lat' dir='ltr'>ttius</span> <span class='ocrx_word' id='word_1_161' title='bbox 350 2529 485 2598; x_wconf 89' lang='lat' dir='ltr'>multum</span> <span class='ocrx_word' id='word_1_162' title='bbox 508 2530 631 2596; x_wconf 87' lang='lat' dir='ltr'>calcata</span> <span class='ocrx_word' id='word_1_163' title='bbox 657 2534 851 2620; x_wconf 80' lang='lat' dir='ltr'>comparatis</span> <span class='ocrx_word' id='word_1_164' title='bbox 877 2543 910 2596; x_wconf 89' lang='lat' dir='ltr'>et</span> <span class='ocrx_word' id='word_1_165' title='bbox 933 2531 1082 2598; x_wconf 89' lang='lat' dir='ltr'>omnibus</span> <span class='ocrx_word' id='word_1_166' title='bbox 1109 2553 1203 2594; x_wconf 81' lang='lat' dir='ltr'>coae-</span> 
     </span>
     <span class='ocr_line' id='line_1_23' title="bbox 89 2629 1203 2722; baseline 0.005 -28"><span class='ocrx_word' id='word_1_167' title='bbox 89 2634 146 2696; x_wconf 80' lang='lat' dir='ltr'>vis</span> <span class='ocrx_word' id='word_1_168' title='bbox 169 2629 315 2722; x_wconf 87' lang='lat' dir='ltr'>reliquiis</span> <span class='ocrx_word' id='word_1_169' title='bbox 342 2637 446 2720; x_wconf 77' lang='lat' dir='ltr'>magis</span> <span class='ocrx_word' id='word_1_170' title='bbox 476 2631 606 2702; x_wconf 82' lang='lat' dir='ltr'>fidimus</span> <span class='ocrx_word' id='word_1_171' title='bbox 626 2635 709 2722; x_wconf 61' lang='lat' dir='ltr'>m).</span> <span class='ocrx_word' id='word_1_172' title='bbox 765 2631 959 2720; x_wconf 80' lang='lat' dir='ltr'>Agnoscunt</span> <span class='ocrx_word' id='word_1_173' title='bbox 987 2655 1114 2720; x_wconf 90' lang='lat' dir='ltr'>quoque</span> <span class='ocrx_word' id='word_1_174' title='bbox 1132 2635 1203 2720; x_wconf 72' lang='lat' dir='ltr'>Jnut</span> 
     </span>
     <span class='ocr_line' id='line_1_24' title="bbox 89 2733 1203 2822; baseline 0 -23"><span class='ocrx_word' id='word_1_175' title='bbox 89 2733 239 2822; x_wconf 85' lang='lat' dir='ltr'>plerique</span> <span class='ocrx_word' id='word_1_176' title='bbox 263 2734 410 2806; x_wconf 88' lang='lat' dir='ltr'>Batanici</span> <span class='ocrx_word' id='word_1_177' title='bbox 436 2735 517 2806; x_wconf 87' lang='lat' dir='ltr'>haec</span> <span class='ocrx_word' id='word_1_178' title='bbox 544 2738 695 2816; x_wconf 87' lang='lat' dir='ltr'>nomina,</span> <span class='ocrx_word' id='word_1_179' title='bbox 724 2757 770 2806; x_wconf 84' lang='lat' dir='ltr'>ex</span> <span class='ocrx_word' id='word_1_180' title='bbox 791 2734 940 2806; x_wconf 87' lang='lat' dir='ltr'>herbario</span> <span class='ocrx_word' id='word_1_181' title='bbox 956 2737 1134 2804; x_wconf 83' lang='lat' dir='ltr'>Linnaeano</span> <span class='ocrx_word' id='word_1_182' title='bbox 1150 2757 1203 2800; x_wconf 86' lang='lat' dir='ltr'>ac·</span> 
     </span>
     <span class='ocr_line' id='line_1_25' title="bbox 90 2835 1202 2926; baseline -0.006 -20"><span class='ocrx_word' id='word_1_183' title='bbox 90 2851 204 2922; x_wconf 79' lang='lat' dir='ltr'>cepta,</span> <span class='ocrx_word' id='word_1_184' title='bbox 230 2841 362 2906; x_wconf 88' lang='lat' dir='ltr'>omnino</span> <span class='ocrx_word' id='word_1_185' title='bbox 388 2837 471 2904; x_wconf 88' lang='lat' dir='ltr'>falsa</span> <span class='ocrx_word' id='word_1_186' title='bbox 498 2861 582 2917; x_wconf 86' lang='lat' dir='ltr'>csse,</span> <span class='ocrx_word' id='word_1_187' title='bbox 604 2839 664 2906; x_wconf 86' lang='lat' dir='ltr'>sod</span> <span class='ocrx_word' id='word_1_188' title='bbox 689 2853 807 2915; x_wconf 70' lang='lat' dir='ltr'>tamem</span> <span class='ocrx_word' id='word_1_189' title='bbox 830 2860 928 2926; x_wconf 88' lang='lat' dir='ltr'>quum</span> <span class='ocrx_word' id='word_1_190' title='bbox 954 2837 1073 2906; x_wconf 90' lang='lat' dir='ltr'>dudum</span> <span class='ocrx_word' id='word_1_191' title='bbox 1098 2835 1138 2902; x_wconf 92' lang='lat' dir='ltr'>ab</span> <span class='ocrx_word' id='word_1_192' title='bbox 1167 2859 1202 2900; x_wconf 80' lang='lat' dir='ltr'>o-</span> 
     </span>
     <span class='ocr_line' id='line_1_26' title="bbox 88 2939 1202 3028; baseline -0.004 -18"><span class='ocrx_word' id='word_1_193' title='bbox 88 2940 220 3010; x_wconf 78' lang='lat' dir='ltr'>mnibus</span> <span class='ocrx_word' id='word_1_194' title='bbox 243 2945 367 3008; x_wconf 82' lang='lat' dir='ltr'>exteris</span> <span class='ocrx_word' id='word_1_195' title='bbox 393 2939 559 3006; x_wconf 83' lang='lat' dir='ltr'>Botanicis</span> <span class='ocrx_word' id='word_1_196' title='bbox 582 2954 713 3028; x_wconf 86' lang='lat' dir='ltr'>recepta</span> <span class='ocrx_word' id='word_1_197' title='bbox 733 2943 815 3019; x_wconf 86' lang='lat' dir='ltr'>sint,</span> <span class='ocrx_word' id='word_1_198' title='bbox 836 2943 924 3026; x_wconf 80' lang='lat' dir='ltr'>jam,</span> <span class='ocrx_word' id='word_1_199' title='bbox 950 2961 991 3004; x_wconf 91' lang='lat' dir='ltr'>ne</span> <span class='ocrx_word' id='word_1_200' title='bbox 1013 2962 1098 3006; x_wconf 88' lang='lat' dir='ltr'>nova</span> <span class='ocrx_word' id='word_1_201' title='bbox 1118 2942 1202 3007; x_wconf 87' lang='lat' dir='ltr'>oria·</span> 
     </span>
     <span class='ocr_line' id='line_1_27' title="bbox 88 3033 1201 3132; baseline -0.004 -18"><span class='ocrx_word' id='word_1_202' title='bbox 88 3043 334 3122; x_wconf 67' lang='lat' dir='ltr'>turcontusio,</span> <span class='ocrx_word' id='word_1_203' title='bbox 361 3041 426 3112; x_wconf 81' lang='lat' dir='ltr'>alia</span> <span class='ocrx_word' id='word_1_204' title='bbox 450 3039 622 3132; x_wconf 79' lang='lat' dir='ltr'>originalia</span> <span class='ocrx_word' id='word_1_205' title='bbox 644 3042 781 3114; x_wconf 83' lang='lat' dir='ltr'>ulterius</span> <span class='ocrx_word' id='word_1_206' title='bbox 804 3065 871 3114; x_wconf 88' lang='lat' dir='ltr'>non</span> <span class='ocrx_word' id='word_1_207' title='bbox 892 3044 1101 3127; x_wconf 84' lang='lat' dir='ltr'>restauranda</span> <span class='ocrx_word' id='word_1_208' title='bbox 1126 3033 1201 3112; x_wconf 76' lang='lat' dir='ltr'>essa</span> 
     </span>
    </p>
   </div>
   <div class='ocr_carea' id='block_1_4' title="bbox 85 3171 1201 3566">
    <p class='ocr_par' dir='ltr' id='par_1_4' title="bbox 85 3171 1201 3566">
     <span class='ocr_line' id='line_1_28' title="bbox 85 3171 604 3210; baseline 0 0"><span class='ocrx_word' id='word_1_209' title='bbox 85 3171 259 3196; x_wconf 48' lang='grc' dir='ltr'>μ-ᾐ-</span> <span class='ocrx_word' id='word_1_210' title='bbox 346 3198 349 3208; x_wconf 85' lang='grc' dir='ltr'>ι</span> <span class='ocrx_word' id='word_1_211' title='bbox 602 3201 604 3210; x_wconf 68' lang='grc' dir='ltr'>ι</span> 
     </span>
     <span class='ocr_line' id='line_1_29' title="bbox 136 3215 1201 3308; baseline 0.005 -23"><span class='ocrx_word' id='word_1_212' title='bbox 136 3221 162 3304; x_wconf 73' lang='lat' dir='ltr'>*l</span> <span class='ocrx_word' id='word_1_213' title='bbox 180 3217 223 3288; x_wconf 83' lang='lat' dir='ltr'>Sic</span> <span class='ocrx_word' id='word_1_214' title='bbox 242 3235 309 3290; x_wconf 84' lang='lat' dir='ltr'>miro</span> <span class='ocrx_word' id='word_1_215' title='bbox 327 3237 445 3306; x_wconf 85' lang='lat' dir='ltr'>exemplo</span> <span class='ocrx_word' id='word_1_216' title='bbox 464 3231 682 3308; x_wconf 75' lang='lat' dir='ltr'>Agroctldem</span> <span class='ocrx_word' id='word_1_217' title='bbox 703 3233 904 3306; x_wconf 82' lang='lat' dir='ltr'>capillarem</span> <span class='ocrx_word' id='word_1_218' title='bbox 918 3215 1201 3313; x_wconf 56' lang='lat' dir='ltr'>(spatam-addimm-</span> 
     </span>
     <span class='ocr_line' id='line_1_30' title="bbox 174 3319 1201 3403; baseline 0.002 -30"><span class='ocrx_word' id='word_1_219' title='bbox 174 3337 204 3373; x_wconf 80' lang='lat'>2.</span> <span class='ocrx_word' id='word_1_220' title='bbox 224 3340 250 3389; x_wconf 87' lang='lat' dir='ltr'>p·</span> <span class='ocrx_word' id='word_1_221' title='bbox 267 3319 386 3390; x_wconf 75' lang='lat' dir='ltr'>540.)e</span> <span class='ocrx_word' id='word_1_222' title='bbox 404 3325 533 3376; x_wconf 83' lang='lat' dir='ltr'>Lusitania</span> <span class='ocrx_word' id='word_1_223' title='bbox 555 3328 696 3399; x_wconf 59' lang='lat' dir='ltr'>synonymo</span> <span class='ocrx_word' id='word_1_224' title='bbox 710 3321 801 3376; x_wconf 76' lang='lat' dir='ltr'>Florae</span> <span class='ocrx_word' id='word_1_225' title='bbox 817 3319 974 3397; x_wconf 72' lang='lat' dir='ltr'>Lapporncne</span> <span class='ocrx_word' id='word_1_226' title='bbox 992 3323 1105 3389; x_wconf 71' lang='lat' dir='ltr'>signarit,</span> <span class='ocrx_word' id='word_1_227' title='bbox 1123 3340 1201 3403; x_wconf 79' lang='lat' dir='ltr'>quare</span> 
     </span>
     <span class='ocr_line' id='line_1_31' title="bbox 174 3409 1201 3482; baseline 0.002 -22"><span class='ocrx_word' id='word_1_228' title='bbox 174 3411 252 3460; x_wconf 82' lang='lat' dir='ltr'>etlam</span> <span class='ocrx_word' id='word_1_229' title='bbox 275 3410 326 3462; x_wconf 85' lang='lat' dir='ltr'>boc</span> <span class='ocrx_word' id='word_1_230' title='bbox 344 3427 449 3476; x_wconf 66' lang='grc' dir='ltr'>ετιιιιιιιι</span> <span class='ocrx_word' id='word_1_231' title='bbox 472 3411 634 3482; x_wconf 78' lang='lat' dir='ltr'>aLapponis</span> <span class='ocrx_word' id='word_1_232' title='bbox 652 3411 728 3479; x_wconf 77' lang='lat' dir='ltr'>louge</span> <span class='ocrx_word' id='word_1_233' title='bbox 751 3411 862 3464; x_wconf 78' lang='lat' dir='ltr'>alienum</span> <span class='ocrx_word' id='word_1_234' title='bbox 880 3411 988 3480; x_wconf 79' lang='lat' dir='ltr'>denique</span> <span class='ocrx_word' id='word_1_235' title='bbox 1004 3411 1109 3464; x_wconf 76' lang='lat' dir='ltr'>Florem</span> <span class='ocrx_word' id='word_1_236' title='bbox 1128 3409 1201 3480; x_wconf 70' lang='lat' dir='ltr'>Lep·</span> 
     </span>
     <span class='ocr_line' id='line_1_32' title="bbox 169 3497 819 3566; baseline 0.006 -20"><span class='ocrx_word' id='word_1_237' title='bbox 169 3498 290 3566; x_wconf 70' lang='lat' dir='ltr'>ponium</span> <span class='ocrx_word' id='word_1_238' title='bbox 309 3497 424 3552; x_wconf 70' lang='lat' dir='ltr'>muttit!</span> <span class='ocrx_word' id='word_1_239' title='bbox 816 3523 819 3531; x_wconf 89' lang='lat'>·</span> 
     </span>
    </p>
   </div>
   <div class='ocr_carea' id='block_1_5' title="bbox 27 3589 1198 3852">
    <p class='ocr_par' dir='ltr' id='par_1_5' title="bbox 27 3589 1198 3852">
     <span class='ocr_line' id='line_1_33' title="bbox 27 3589 1198 3678; baseline -0.002 -22"><span class='ocrx_word' id='word_1_240' title='bbox 27 3649 28 3656; x_wconf 73' lang='grc'>,</span> <span class='ocrx_word' id='word_1_241' title='bbox 128 3589 170 3674; x_wconf 82' lang='lat'>**)</span> <span class='ocrx_word' id='word_1_242' title='bbox 191 3603 312 3678; x_wconf 81' lang='lat' dir='ltr'>Exempli</span> <span class='ocrx_word' id='word_1_243' title='bbox 330 3606 388 3656; x_wconf 88' lang='lat' dir='ltr'>loco</span> <span class='ocrx_word' id='word_1_244' title='bbox 408 3601 564 3662; x_wconf 79' lang='lat' dir='ltr'>nominanda</span> <span class='ocrx_word' id='word_1_245' title='bbox 585 3601 836 3670; x_wconf 75' lang='lat' dir='ltr'>Potamogetou</span> <span class='ocrx_word' id='word_1_246' title='bbox 858 3604 1073 3668; x_wconf 75' lang='lat' dir='ltr'>gramineum</span> <span class='ocrx_word' id='word_1_247' title='bbox 1095 3615 1119 3654; x_wconf 85' lang='lat' dir='ltr'>ot</span> <span class='ocrx_word' id='word_1_248' title='bbox 1138 3603 1198 3668; x_wconf 77' lang='lat' dir='ltr'>iln-</span> 
     </span>
     <span class='ocr_line' id='line_1_34' title="bbox 170 3681 1198 3766; baseline 0 -26"><span class='ocrx_word' id='word_1_249' title='bbox 170 3707 246 3744; x_wconf 84' lang='lat' dir='ltr'>mex</span> <span class='ocrx_word' id='word_1_250' title='bbox 265 3705 400 3755; x_wconf 83' lang='lat' dir='ltr'>acutas,</span> <span class='ocrx_word' id='word_1_251' title='bbox 420 3693 452 3745; x_wconf 86' lang='lat' dir='ltr'>de</span> <span class='ocrx_word' id='word_1_252' title='bbox 466 3681 917 3766; x_wconf 54' lang='lat' dir='ltr'>quibusconferripotettthtt&#39;gſtrl</span> <span class='ocrx_word' id='word_1_253' title='bbox 929 3683 1062 3758; x_wconf 70' lang='lat' dir='ltr'>Geleltrl.</span> <span class='ocrx_word' id='word_1_254' title='bbox 1070 3681 1198 3766; x_wconf 72' lang='lat' dir='ltr'>Anreig.</span> 
     </span>
     <span class='ocr_line' id='line_1_35' title="bbox 176 3769 679 3852; baseline 0.006 -24"><span class='ocrx_word' id='word_1_255' title='bbox 176 3772 266 3830; x_wconf 70' lang='lat'><strong><em>1821.</em></strong></span> <span class='ocrx_word' id='word_1_256' title='bbox 288 3769 433 3832; x_wconf 70' lang='grc' dir='ltr'>Νοιειιιῦ.</span> <span class='ocrx_word' id='word_1_257' title='bbox 454 3793 486 3852; x_wconf 88' lang='lat' dir='ltr'>p</span> <span class='ocrx_word' id='word_1_258' title='bbox 512 3769 601 3850; x_wconf 64' lang='lat'><em>1766.</em></span> <span class='ocrx_word' id='word_1_259' title='bbox 624 3783 679 3831; x_wconf 81' lang='lat' dir='ltr'>eto.</span> 
     </span>
    </p>
   </div>
   <div class='ocr_carea' id='block_1_6' title="bbox 114 3873 1198 4055">
    <p class='ocr_par' dir='ltr' id='par_1_6' title="bbox 114 3873 1198 4055">
     <span class='ocr_line' id='line_1_36' title="bbox 130 3873 1198 3958; baseline -0.012 -14"><span class='ocrx_word' id='word_1_260' title='bbox 129 3873 186 3950; x_wconf 62' lang='lat' dir='ltr'>m)</span> <span class='ocrx_word' id='word_1_261' title='bbox 209 3887 432 3958; x_wconf 76' lang='lat' dir='ltr'>Conternpotnueit</span> <span class='ocrx_word' id='word_1_262' title='bbox 450 3903 551 3954; x_wconf 80' lang='lat' dir='ltr'>quoque</span> <span class='ocrx_word' id='word_1_263' title='bbox 568 3885 731 3955; x_wconf 74' lang='lat' dir='ltr'>(fidimusl&#39;</span> <span class='ocrx_word' id='word_1_264' title='bbox 707 3879 767 3939; x_wconf 77' lang='lat' dir='ltr'>vuit</span> <span class='ocrx_word' id='word_1_265' title='bbox 790 3887 886 3956; x_wconf 85' lang='lat' dir='ltr'>optime</span> <span class='ocrx_word' id='word_1_266' title='bbox 899 3885 1024 3940; x_wconf 76' lang='lat' dir='ltr'>instructis</span> <span class='ocrx_word' id='word_1_267' title='bbox 1036 3895 1063 3934; x_wconf 84' lang='lat' dir='ltr'>ut</span> <span class='ocrx_word' id='word_1_268' title='bbox 1074 3884 1198 3938; x_wconf 76' lang='lat' dir='ltr'>liminen-</span> 
     </span>
     <span class='ocr_line' id='line_1_37' title="bbox 114 3971 1173 4055; baseline -0.016 -15"><span class='ocrx_word' id='word_1_269' title='bbox 114 4043 118 4052; x_wconf 71' lang='grc'>,</span> <span class='ocrx_word' id='word_1_270' title='bbox 170 3991 204 4028; x_wconf 77' lang='lat'>¹¹⁰</span> <span class='ocrx_word' id='word_1_271' title='bbox 224 3973 294 4042; x_wconf 73' lang='lat' dir='ltr'>quod</span> <span class='ocrx_word' id='word_1_272' title='bbox 316 3977 455 4034; x_wconf 81' lang='lat' dir='ltr'>Ger-auium</span> <span class='ocrx_word' id='word_1_273' title='bbox 478 3973 672 4048; x_wconf 78' lang='lat' dir='ltr'>rotundilolium</span> <span class='ocrx_word' id='word_1_274' title='bbox 694 3987 719 4028; x_wconf 82' lang='lat' dir='ltr'>ct</span> <span class='ocrx_word' id='word_1_275' title='bbox 740 3977 896 4055; x_wconf 77' lang='lat' dir='ltr'>malvaccurn</span> <span class='ocrx_word' id='word_1_276' title='bbox 920 3974 1006 4028; x_wconf 76' lang='lat' dir='ltr'>attium</span> <span class='ocrx_word' id='word_1_277' title='bbox 1027 3989 1050 4026; x_wconf 79' lang='lat' dir='ltr'>c.</span> <span class='ocrx_word' id='word_1_278' title='bbox 1072 3971 1129 4052; x_wconf 31' lang='lat' dir='ltr'>ali.</span> <span class='ocrx_word' id='word_1_279' title='bbox 1150 3989 1173 4023; x_wconf 78' lang='lat' dir='ltr'>c.</span> 
     </span>
    </p>
   </div>
   <div class='ocr_carea' id='block_1_7' title="bbox 0 0 1367 4682">
    <p class='ocr_par' dir='ltr' id='par_1_7' title="bbox 0 0 1367 4682">
     <span class='ocr_line' id='line_1_38' title="bbox 0 0 1367 4682; baseline 0 0"><span class='ocrx_word' id='word_1_280' title='bbox 0 0 1367 4682; x_wconf 95' lang='lat' dir='ltr'> </span> 
     </span>
    </p>
   </div>
  </div>
 </body>
</html>
