2708 4682
199 394 245 442 xx
562 392 714 438 atrro
754 376 940 436 'arants

210 485 216 514 l

125 589 130 602 '
201 592 351 658 currunt,
389 593 422 644 et
454 591 530 642 tunc
564 575 638 644 loon
671 577 828 664 quaedam
858 579 894 641 in
920 596 1109 665 quacunque
1141 578 1321 663 provincia

185 683 356 770 (adposui,
390 681 475 746 haud
507 695 614 746 tamen
647 701 772 767 negans
800 679 931 744 easdem
961 679 1107 766 pluribus
1132 678 1223 745 locis
1256 702 1321 744 cre·

201 809 303 852 scere.
355 782 408 849 Ad
433 783 561 870 plantas
585 787 767 849 rarissimas
786 780 862 846 loca
884 782 1118 870 specialisshna
1141 783 1320 868 designata

201 890 330 976 quidem
350 900 450 966 sunt,
478 899 617 950 attamen
643 888 761 972 ipsum,
784 884 840 948 ubi
864 899 1024 962 crescunt,
1047 899 1206 971 punctum
1222 905 1337 974 qnam

203 992 411 1055 exactissime
435 989 649 1054 determinare
675 987 837 1054 interdum
862 987 1023 1066 dubitavi,
1049 1010 1147 1076 quum
1169 986 1254 1054 loca
1269 1011 1319 1050 an·

201 1091 390 1180 gratissima
412 1090 692 1177 vicissitudinibus
714 1092 813 1154 variis
838 1093 1024 1156 necessario
1051 1093 1209 1176 exposita
1237 1094 1318 1166 sint,

202 1179 329 1286 quihus
360 1189 447 1257 fieri
465 1183 592 1279 potest,
634 1207 670 1257 ut
700 1191 830 1279 plantae
864 1193 1090 1270 destruantur,
1130 1213 1197 1280 quo
1229 1195 1318 1258 facto

200 1297 392 1384 plerumque
418 1291 484 1360 alio
507 1295 581 1361 loco
605 1296 753 1379 ejusdem
775 1295 920 1381 regionis
945 1297 1167 1372 inveniuntur.

306 1394 401 1474 Quae
432 1398 524 1464 infra*
549 1396 781 1464 habitationem
811 1397 958 1490 sequitur
984 1397 1180 1484 descriptio,
1211 1401 1320 1463 maxi·

202 1523 255 1568 me
289 1495 464 1566 habitualis
491 1502 598 1566 studio
625 1499 710 1564 facta
736 1513 805 1578 est,
835 1511 934 1565 ntea
957 1517 1119 1585 exparte
1144 1499 1319 1566 confirme-

109 1620 111 1634 '
203 1621 261 1674 tur'
280 1603 392 1689 planta
415 1604 520 1666 aeuus
542 1597 783 1666 characteribus
809 1621 908 1688 supra
933 1605 1120 1666 examinata
1145 1616 1180 1668 et
1202 1617 1242 1668 nt
1265 1603 1318 1668 ha·

203 1707 306 1772 bitum
340 1717 539 1790 cognoscant
571 1701 819 1770 commilitones
846 1705 979 1768 omnino
1008 1707 1140 1789 cognitu
1166 1726 1319 1771 necessa·

203 1810 306 1884 rium,
336 1809 366 1872 si
391 1805 541 1894 Botanici
563 1807 699 1892 practici
724 1805 863 1870 evadere
888 1805 1002 1870 velint.
1055 1803 1201 1871 Ulterius
1225 1808 1319 1894 plan·

204 1927 271 1976 tam
299 1907 403 1996 magis
434 1905 626 1974 familiarem
656 1907 792 1974 reddere
825 1905 916 1970 volui
942 1911 1101 1994 appositis
1130 1910 1319 1975 nominibus

205 2011 344 2080 svccicis
387 2031 486 2096 saepe
535 2023 636 2076 totam
679 2011 783 2094 ipsius
827 2008 959 2094 plantae
1005 2024 1154 2077 naturam
1193 2017 1317 2078 eximie

206 2113 466 2201 exprimentibus
492 2111 544 2178 vel
572 2115 788 2199 proprietates
816 2114 959 2176 mraxime
986 2115 1134 2200 insignes
1158 2119 1317 2179 concinne

206 2203 424 2283 indicantibus
451 2230 494 2295 et,
522 2215 579 2280 ubi
605 2233 741 2279 necesse
758 2215 867 2292 fuerit,
893 2213 955 2280 hoc
977 2233 1077 2280 sensu
1092 2216 1260 2302 explicatis
1275 2220 1315 2301 ⁸⁸).

206 2317 281 2386 Hoc
313 2320 410 2383 modo
441 2321 584 2404 spatium
617 2317 741 2402 aliquot
772 2316 931 2382 linearum
962 2317 1080 2384 melius
1115 2331 1317 2384 consumtum
1343 2332 1344 2386 l

208 2423 349 2499 credidi,
386 2442 481 2507 quam
514 2422 562 2498 si,
595 2432 632 2482 nt
658 2429 893 2504 exspectarunt
925 2419 1036 2484 forsan
1061 2422 1193 2508 quidam
1218 2419 1318 2486 Bota-

207 2527 292 2601 nici,
330 2523 549 2609 descriptione
584 2519 739 2606 graphica
770 2523 913 2606 speciem
946 2526 1050 2609 magis
1083 2521 1213 2618 firmare
1251 2537 1317 2588 stu-

208 2611 371 2700 duissem}
403 2647 486 2711 quae
511 2624 705 2708 descriptio,
736 2624 781 2716 εἰχ
791 2619 858 2710 1ίὶιιὶ
883 2621 959 2688 huic
980 2625 1210 2712 responderet,
1244 2624 1317 2690 lon·

185 2748 250 2816 ,μ
278 2723 416 2814 amplior
443 2746 577 2792 necesse
601 2726 779 2804 evasisset,
805 2737 838 2790 et
857 2721 962 2814 qualis
987 2729 1048 2810 vix
1069 2729 1134 2794 nisi
1154 2730 1189 2792 in
1204 2749 1318 2794 mono-

150 2832 155 2840 '
208 2829 353 2919 graphiis
377 2827 485 2894 locum
509 2826 632 2893 habere
655 2839 780 2912 posset.

235 2941 238 2952 '
312 2925 409 3008 Quod
443 2946 551 2996 autem
578 2928 718 2994 florendi
748 2942 876 3017 tempus
910 2933 947 2996 in
974 2932 1114 3020 singulis
1147 2933 1318 3020 speciebus

208 3054 276 3104 non
302 3033 462 3120 completo
488 3031 676 3118 designavi,
701 3021 923 3118 explicatione
945 3035 1057 3100 forsan
1078 3050 1165 3124 eget.
1211 3033 1318 3112 Quum

209 3137 331 3206 nullius
376 3135 567 3222 Europaeos
606 3131 708 3199 florae
746 3131 924 3221 (Russicae
964 3139 994 3202 si
1035 3140 1227 3226 exceperis)
1267 3161 1319 3204 re-

209 3243 265 3328 gio
295 3249 436 3316 tantum,
468 3250 622 3325 qnantum
643 3249 792 3316 nostrae,
817 3241 854 3306 in
878 3237 1116 3327 longitudinem
1141 3265 1161 3307 a
1186 3243 1318 3307 meridie

209 3344 244 3410 in
273 3361 431 3408 summum
465 3341 720 3426 septentrionem
750 3341 964 3422 extendatur,
994 3346 1029 3408 in
1056 3343 1227 3432 propatulo
1250 3357 1319 3423 est,

210 3445 348 3510 florendi
382 3462 507 3529 tempus
537 3440 718 3528 plantarum
750 3441 917 3510 mensibus
948 3445 1124 3512 calendarii
1156 3446 1259 3514 civilis
1283 3449 1319 3511 in

210 3567 351 3636 genere,
384 3537 433 3649 iia
464 3561 500 3610 nt
535 3543 684 3612 omnihus
716 3543 800 3611 locis
832 3551 1022 3628 conveniat,
1063 3549 1227 3637 designari
1251 3570 1318 3614 non

211 3693 382 3712 nn—-n-a,

254 3767 280 3851 *)
303 3777 368 3832 Hinc
388 3779 463 3831 etiam
482 3779 543 3834 haec
561 3782 666 3834 nomino
686 3781 713 3836 in
730 3779 841 3834 indicem
859 3781 980 3846 colligere
999 3792 1025 3832 et
1045 3773 1192 3848 comperero
1207 3795 1248 3832 tue
1264 3800 1315 3834 non

295 3865 391 3933 piguit,
421 3885 574 3936 quarnquaru
599 3870 625 3920 id
645 3869 732 3921 multis
751 3886 844 3937 pamm
864 3885 952 3934 sapere
974 3865 1059 3917 credo.
1104 3867 1213 3920 Nomina
1235 3882 1318 3923 autem

298 3953 400 4006 Sreeicc
419 3955 498 4006 modo
519 3957 655 4010 ruentihco
677 3975 691 4008 n
708 3952 833 4010 Berenicis
851 3957 908 4006 licta
930 3954 982 4007 ferr
1001 3969 1102 4020 semper
1121 3950 1205 4006 omisi.
