2708 4682
412 337 568 418 'atrro
607 369 829 416 ornent
1097 362 1155 415 ιιι
1256 375 1260 382 ·
1339 359 1340 370 ’

28 535 177 646 possen
217 553 290 620 Nec
322 575 453 621 menses
484 551 730 622 calendarii
760 552 908 620 Florae
946 577 1006 643 pro
1037 555 1155 622 Svecie

30 662 155 726 media
179 683 200 725 a
220 660 360 725 Linnaeo
389 671 453 723 tam
476 655 559 722 bene
580 658 748 724 constituti
769 679 829 742 per
849 669 951 726 totum
965 659 1083 724 Florae
1097 681 1156 724 no-

33 763 136 828 strae
158 781 294 849 regnum
316 759 436 848 ubique
461 760 571 825 valere
586 775 741 846 possunt3
770 782 844 824 nam
860 781 916 825 ex.
931 783 979 848 gr.
993 761 1108 828 Secule
1124 778 1158 829 et

38 868 169 930 seritur
199 879 232 928 et
257 866 386 928 metitur
412 866 446 927 in
469 861 736 927 meridionalibus
764 864 943 949 provinciis
970 863 1069 949 longe
1091 865 1157 930 ulio

40 969 164 1032 ordine
193 980 344 1052 respectu
379 968 595 1052 vegetationis
628 968 728 1029 totius
753 966 850 1051 quum
875 968 1077 1034 tumaxime
1108 991 1158 1037 se·

39 1066 331 1158 ptentrionulibns.
383 1067 453 1132 Has
481 1067 522 1131 ob
538 1088 652 1132 causae
666 1068 707 1132 ad
721 1065 839 1156 ubique
852 1068 1027 1136 valiturum
1042 1069 1160 1135 Calen-

42 1175 175 1236 darium
201 1171 319 1236 Florae
346 1171 599 1234 construendum
623 1168 706 1234 nihil
728 1190 900 1256 superesse
926 1172 1065 1252 videtur,
1095 1175 1161 1240 uisi

41 1289 84 1339 ut
88 1273 236 1360 plantas
262 1274 434 1364 indigenae
462 1271 545 1335 alias
571 1293 643 1335 cnm
668 1269 742 1334 aliie
765 1292 1034 1358 compararemus.
1086 1275 1161 1344 Hoc

43 1390 159 1442 autem
190 1378 250 1440 vix
282 1378 317 1440 in
344 1372 518 1439 itineribus
545 1385 615 1436 tuto
639 1370 713 1436 fieri
738 1385 864 1458 poteut;
893 1395 1006 1441 verum
1032 1398 1087 1441 ex.
1110 1399 1159 1466 gr.
1187 1394 1193 1404 ’

46 1479 283 1544 Calendarium
309 1476 428 1541 Florae
457 1463 666 1563 Lupponi'cae
691 1494 758 1539 non
786 1477 849 1542 nisi
876 1477 1077 1568 aLappone
1102 1503 1162 1546 ex-

43 1582 273 1667 spectandum.
326 1577 478 1643 Ceterum
507 1598 571 1665 quo
600 1579 705 1662 magis
739 1575 785 1641 ibi
815 1576 953 1642 florendi
985 1593 1112 1667 tempua
1143 1603 1166 1646 a
1247 1623 1253 1632 ·

44 1684 127 1749 loco
160 1681 298 1768 soloque
332 1681 470 1767 pendet,
513 1700 554 1744 eo
586 1683 691 1777 magis
717 1681 803 1744 idem
830 1683 892 1744 erit
917 1685 1095 1762 incertum,
1130 1697 1164 1748 et

47 1787 165 1850 forsan
195 1787 241 1849 itu
270 1787 443 1860 incertum,
479 1795 516 1880 pt
546 1783 618 1867 ejus
649 1783 873 1848 determinatio
906 1783 1045 1884 quium¹
1062 1807 1170 1872 genes

50 1887 156 1952 ralem
190 1889 249 1950 vix
277 1907 418 1973 unquam
450 1866 510 1970 pro
543 1897 632 1947 certo
662 1885 791 1970 ingredi
815 1887 931 1970 possit.
983 1886 1047 1956 Hir
1074 1892 1162 1956 airm-

48 1989 204 2075 libnsque
228 1987 408 2052 rationibus
431 1988 588 2050 adductus
610 1986 727 2051 melius
744 1988 884 2066 credidi,
910 1987 1090 2074 plantarum
1109 2013 1163 2056 ae

51 2091 218 2157 stivalium
247 2089 387 2154 florendi
417 2101 544 2175 tempus
570 2091 735 2166 omittere,
766 2111 860 2176 quam
884 2111 1013 2160 mentes
1040 2099 1100 2162 etc‘.
1124 2075 1189 2156 ln'

51 2194 180 2261 Flora
215 2187 461 2278 Upualiensi
497 2192 592 2253 datos
630 2189 683 2254 hic
705 2181 818 2275 'inepte
852 2209 1010 2277 repetere.
1066 2193 1164 2258 Adsi-
1242 2176 1247 2196 ’

52 2297 155 2384 gnavi
181 2308 305 2365 tanturn
331 2307 457 2380 tempus
483 2291 620 2362 florendi
642 2291 825 2386 plantarum
848 2275 1029 2362 vernalium
1051 2305 1084 2366 et
1109 2320 1166 2365 an.

56 2393 263 2488 tumnaliunp3
292 2384 435 2483 reliquae
457 2409 565 2460 autem
584 2392 724 2482 plantus,
751 2417 885 2484 quarum
908 2399 1166 2485 tempusfloren.

57 2502 91 2566 di
124 2502 237 2577 omisi,
272 2501 348 2586 quia
380 2497 421 2562 ob
450 2519 566 2562 causas
593 2501 663 2583 jam
691 2497 784 2564 datus
815 2496 898 2565 bene
929 2499 1065 2567 definire
1098 2525 1166 2568 nou

56 2604 167 2692 potui,
203 2601 387 2694 aestivaleq·
412 2621 486 2664 esso
510 2601 592 2664 sciat
615 2599 737 2668 Lector
755 2599 897 2672 ¹ulterius
920 2602 975 2670 hic
997 2625 1063 2674 non
1090 2605 1166 2672 eub-

58 2706 258 2772 dividendas.

159 2807 224 2874 His
256 2805 436 2893 generatim
461 2806 670 2895 praemissis,
705 2827 811 2892 neque
836 2820 961 2894 tempus
986 2831 1091 2898 noque
1117 2809 1166 2878 lo·
1217 2795 1219 2802 ’
1257 2829 1262 2840 ’

58 2932 116 2978 cue
149 2924 316 2998 superest,
353 2931 459 2996 neque
494 2909 617 3000 forsan
636 2906 704 2974 ulla
733 2913 912 3004 necessitas
944 2915 1097 3000 requirit,
1132 2927 1168 2978 ut

58 3015 187 3104 plantas
227 3011 424 3101 rpeoialibus
457 3014 695 3078 commentariis
727 3009 926 3082 illustremus
946 3015 984 3104 ¹⁸).
1011 3014 1102 3083 'Sed
1127 3015 1167 3082 de

58 3159 227 3190 -ul--n

105 3237 131 3313 Ἴ
156 3239 277 3295 Attamen
306 3241 332 3292 in
357 3239 565 3310 praecedentibur
592 3243 730 3308 generatim
757 3243 865 3296 redonet
890 3237 996 3294 reddere
1014 3239 1098 3294 fortan
1119 3237 1168 3292 do-

145 3325 271 3391 buttem,
300 3345 377 3396 quae
406 3331 518 3398 partibor
537 3329 690 3396 quibusdam
714 3329 746 3382 ed
764 3331 859 3398 oper-ier
878 3322 1065 3393 dietingveudrt
1082 3327 1169 3379 minue

145 3416 278 3468 tribuerim
301 3433 379 3483 quam
399 3417 514 3486 plerique
535 3417 657 3469 Botruici.
686 3417 735 3470 Ex.
744 3433 782 3482 gr.
795 3414 981 3482 longitudinem
991 3415 1171 3484 peulommet

148 3502 350 3570 magnitudinem
372 3505 481 3556 corollae
502 3505 530 3555 in
549 3503 637 3556 multi·
655 3503 783 3571 spectetur
805 3502 875 3571 perri
896 3502 1020 3555 momenti
1038 3517 1093 3552 erre
1112 3517 1170 3552 crc-

148 3589 218 3654 didi,
240 3591 309 3659 quie'
321 3589 450 3642 obeervavi
471 3591 536 3644 lrruc
554 3601 654 3658 purtem
674 3592 699 3642 in
720 3602 773 3640 tote
791 3589 979 3644 fructificatione
1000 3588 1117 3649 omnium
1129 3587 1170 3638 sr-

149 3678 245 3728 cillime
266 3677 368 3729 mutari.
396 3677 446 3730 Pro
456 3679 546 3744 majori
556 3677 679 3730 minorive
689 3677 741 3728 eive
752 3677 900 3730 ruoooritate
912 3677 964 3728 eive
973 3657 1083 3728 riccimtlr
1094 3675 1170 3743 plnu-

148 3777 190 3814 tee
210 3783 239 3815 ee
255 3765 297 3816 rel
318 3765 398 3832 magir
418 3768 568 3834 elongentur
588 3765 629 3818 vel
643 3763 750 3832 denique
761 3765 866 3816 omnino
880 3764 1033 3817 clandestina
1045 3763 1108 3813 fiunt
1119 3758 1170 3828 (ex.

150 3866 188 3916 gr.
202 3850 299 3915 Violue,
322 3851 506 3918 Carduminet).
532 3853 598 3904 ilinc
616 3851 711 3921 species
733 3853 873 3915 malvae,
893 3850 1036 3904 Geranii
1060 3861 1107 3900 eto.
1127 3867 1170 3902 re·-

150 3935 271 4016 cundum*
284 3939 348 3992 lmnc
369 3953 455 3994 uotam
477 3940 629 4007 distinguere
649 3939 730 3992 nolui.
771 3939 859 4008 licque
881 3933 1090 4010 Myoeotidit
1109 3953 1170 4008 apo-
