2708 4682
449 387 602 440 ΜῊΟ
635 345 824 434 ,ΟΡΙΒΙΙ
1138 377 1188 430 tt!

60 587 195 656 similis
221 588 330 652 evadit
350 583 392 650 C.
415 585 447 650 b.
469 589 701 676 distem,
724 601 840 650 utnon
856 589 920 651 nisi
934 585 1096 681 dipisione
1110 583 1186 650 bra·

60 699 221 758 etesium
244 709 347 777 eaque
368 690 534 753 evidenter
555 689 689 754 instruite
708 689 878 773 discrepet.
930 687 1185 754 Heliantbe-

64 815 180 858 snum
204 791 462 856 celandioum
483 794 517 856 in
539 788 703 856 Oelendia
727 805 920 854 etcertum
943 803 976 854 et
997 789 1190 874 aipestre

67 898 211 960 omnino
226 891 399 958 absorbere
410 894 548 958 videtur.
575 891 684 958 Valde
699 893 833 956 evidens
847 904 909 969 est,
926 893 1086 978 quomodo
1099 889 1185 958 Ver·

67 995 174 1063 bases
201 997 235 1060 in
263 993 453 1082 regionibns
478 992 786 1082 septentrionalibus
806 1007 840 1058 et
866 991 1082 1077 sylvestribus
1108 1014 1186 1060 con·
1266 1005 1270 1012 '

66 1101 276 1164 stantissima
300 1109 393 1176 cunt,
432 1099 492 1164 sed
519 1100 554 1162 in
576 1100 719 1163 maxime
742 1094 884 1160 rudereli
910 1110 944 1160 et
965 1097 1126 1162 maritima
1152 1110 1188 1161 et

66 1203 249 1286 campestri
274 1196 436 1265 Oelaudia
461 1199 647 1266 dilabuntur
668 1199 753 1270 adeo
775 1199 811 1262 in
832 1201 1020 1276 varietates,
1049 1211 1085 1261 nt
1100 1199 1187 1263 inter

65 1305 202 1389 specics
228 1303 417 1366 notissimas
443 1299 564 1387 ubique
586 1301 697 1366 forrare
721 1301 920 1366 intennedise
941 1303 1115 1378 exsistant,
1140 1321 1187 1366 ex
1213 1353 1215 1362 .

68 1403 194 1491 quibos
221 1417 287 1482 tot,
320 1417 402 1490 quot·
431 1402 556 1489 piacet,
591 1405 719 1488 species
745 1401 892 1468 tivum
917 1403 1024 1468 iacere
1047 1415 1187 1488 possunt

65 1506 190 1576 harum
227 1527 337 1573 rerum
370 1506 483 1570 torsan
515 1505 650 1570 nimium
681 1505 813 1569 curiosi.
877 1500 1083 1588 Myosotides
1119 1520 1186 1572 tarn

66 1608 185 1677 multas
201 1673 205 1684 ,
224 1609 354 1673 demum
393 1603 624 1672 subsumantur
654 1603 716 1670 sub
743 1603 924 1670 cardinales
951 1607 1081 1692 species
1114 1607 1186 1672 scii.

68 1709 361 1795 scorpioidern
384 1721 417 1773 et
440 1728 663 1782 arcensem.
717 1705 772 1772 Sic
799 1709 897 1772 etiem
916 1705 1092 1775 affinitates
1114 1708 1189 1776 ion-

71 1833 118 1898 ge
144 1810 216 1876 alise
236 1814 271 1874 in
292 1831 417 1876 summo
440 1813 662 1896 septentrione
679 1830 716 1874 se
732 1807 913 1884 declarent3
938 1832 994 1876 ex.
1009 1833 1058 1898 gr.
1080 1809 1187 1884 Are·

72 1916 195 1980 naria
219 1910 386 1990 cilieta,
411 1915 447 1976 in
469 1911 598 1998 alpibus
620 1909 824 1978 australioris
841 1911 981 2000 Europa
1003 1912 1187 1980 radicosus

70 2018 210 2102 perenni
240 2028 301 2080 etc.
334 2031 400 2081 tom
427 2016 575 2092 diverse,
605 2015 690 2100 apud
716 2035 778 2079 nos
799 2017 931 2080 omnino
957 2035 1067 2080 annua
1088 2011 1127 2081 fit
1153 2029 1186 2081 et

72 2117 116 2182 A.
140 2116 446 2204 serpylliiolise
476 2129 543 2182 tarn
568 2115 702 2195 similis,
737 2129 774 2180 ut
801 2118 861 2181 vix
887 2119 953 2182 nisi
974 2115 1094 2204 petalis
1118 2139 1186 2184 ma-

68 2220 218 2306 ioribus,
255 2242 329 2284 eum
352 2217 442 2283 foliis
472 2221 569 2284 οιίιιιιι
595 2237 723 2285 sursum
750 2215 923 2284 latioribus
949 2219 1185 2308 quodammode

73 2320 424 2408 correspondentibus,
451 2319 675 2404 distinguatur.
730 2319 853 2386 Verum
875 2321 1005 2410 quidese
1030 2335 1081 2386 est
1105 2344 1187 2388 nou·

74 2423 170 2488 nulle
202 2445 322 2510 genera
357 2443 472 2488 versus
505 2425 759 2509 septentrionem
791 2426 895 2511 magis
926 2422 1098 2491 luxuriare
1130 2447 1186 2492 ex.

73 2549 126 2612 gr.
154 2525 278 2622 Salices
308 2540 343 2591 et
372 2525 522 2601 Curicum
557 2525 615 2591 sed
649 2537 704 2590 eut
730 2525 796 2592 ille
823 2525 1029 2594 efflorescunt
1060 2531 1096 2593 in
1121 2527 1187 2594 ior·

72 2649 145 2694 ures
174 2631 306 2694 nimium
333 2651 450 2714 uagos,
481 2642 537 2692 out
562 2628 611 2694 hu
640 2631 733 2716 quasi
758 2627 800 2694 ob
826 2635 1008 2716 angrrstiem
1033 2653 1053 2696 a
1074 2651 1111 2696 se
1136 2632 1187 2696 in-

72 2734 180 2796 vicem
204 2729 322 2796 melius
348 2747 557 2816 separentur,
581 2731 663 2796 adeo
689 2745 725 2796 ut
753 2733 793 2796 de
819 2721 936 2798 nonna
960 2733 1073 2800 barum
1098 2745 1187 2800 tants

73 2835 239 2898 dissensio
277 2853 417 2919 unquam
454 2834 564 2897 isrerit.
622 2831 776 2900 Ceterum
807 2835 1097 2922 quomodocunque
1124 2839 1186 2915 sit,

73 2957 141 3000 non
176 2935 256 3002 mihi
276 2937 434 3023 proposui
459 2934 553 3022 leges
579 2935 654 3002 aliis
680 2936 909 3022 prescribere,
942 2941 1025 3004 siout
1047 2939 1186 3004 Linareo

74 3037 307 3121 objiciebatur,
343 3039 400 3104 scd
427 3050 550 3104 tentum
577 3043 817 3126 vegetationem
845 3043 1003 3108 svecicom
1026 3040 1187 3106 exhibere

74 3138 191 3218 mlem,
229 3141 358 3228 qualem
396 3163 478 3228 ego,
521 3145 642 3230 pariter
680 3165 718 3208 ac
748 3143 921 3222 Libones,
960 3165 1032 3210 earu
1067 3146 1187 3232 reperi.

76 3239 233 3320 Quaedam
266 3243 349 3309 benc
382 3265 453 3310 rem
482 3244 620 3310 ulterius
649 3245 845 3312 illustrantia
870 3245 956 3312 inire
980 3248 1025 3334 (p.
1040 3249 1187 3334 sur-xv)

74 3345 198 3424 dicitnr,
232 3345 288 3414 ubi
318 3347 358 3412 de
382 3348 618 3434 distinguendis
643 3346 814 3433 speciebus
841 3349 1076 3424 disserendum.

174 3447 252 3514 Alia
274 3463 391 3534 postea
416 3465 511 3538 urget
533 3454 669 3539 quoestio
697 3451 942 3538 amplitudinem
966 3449 1042 3518 libri
1069 3455 1105 3520 iu
1130 3475 1189 3540 ge·

76 3573 152 3616 nere
187 3555 385 3640 respiciens,
426 3553 552 3619 scilicet
581 3566 736 3642 quantum
771 3555 955 3620 adventitiae
986 3554 1105 3643 planto
1129 3575 1190 3620 ex·

76 3653 241 3722 eludendos
266 3657 349 3734 sint,
376 3669 412 3721 ut
436 3671 552 3724 notrum
579 3655 748 3743 originalis
774 3679 858 3744 pure
880 3659 984 3744 sangis
1006 3669 1186 3725 remanent.

78 3755 194 3824 Fateor
214 3779 266 3826 sne
291 3761 327 3826 in
352 3757 413 3824 bac
437 3781 474 3828 re
498 3781 563 3824 uon
588 3772 711 3826 tanturn
728 3747 899 3826 Littamum
914 3773 1060 3826 secutum
1075 3761 1188 3840 inisse,

79 3879 188 3928 semus
215 3863 313 3928 etiam
336 3861 447 3948 peuilo
473 3861 558 3928 ultra
585 3865 805 3949 processisse,
834 3865 911 3944 sed,
935 3877 972 3927 nt
992 3884 1107 3949 spero,
1132 3885 1188 3932 ne·

74 3975 152 4030 tore
190 3969 431 4052 convenienter.
498 3965 569 4034 Vix
589 3969 690 4038 ‚enirn
724 3965 791 4035 nlls
824 3965 890 4035 slis
923 3967 1055 4046 exsistit
1084 3981 1188 4056 toros.
1231 3953 1234 3968 ¹
