2708 4682
803 151 810 162 =
825 136 830 166 l

160 353 212 404 aut
523 358 686 404 narro
730 357 917 437 orente

163 526 265 600 iidem
291 538 446 610 statuant.
485 525 610 597 Verum
632 527 712 614 mihi
729 526 857 610 uidetur
876 523 1166 611 considerandum,
1189 545 1306 613 quam

125 674 133 685 ι
162 640 288 717 paitcos
320 649 425 694 annos
459 634 696 716 permanserint
724 629 804 694 haec
834 631 966 693 nomina
991 641 1142 716 respectu
1172 623 1305 714 longi,

163 731 251 819 qnod
276 747 448 798 venturum
470 747 536 823 est,
567 737 651 798 aevi.
710 731 794 798 Cum
820 735 928 798 omnia
953 726 1085 798 nomina
1108 730 1303 816 specifica,

163 855 230 901 non
265 833 404 920 quodam
435 839 577 900 auctoris
604 837 736 899 nomine
762 836 906 920 signata,
929 855 989 918 pro
1010 833 1205 898 Linnaeanis
1234 831 1300 896 ha-

122 1007 128 1016 ,
155 934 361 1026 ΙΙιιιιιιιιιιιίἰιί
386 939 505 1015 aimus,
538 939 717 1014 accideret,
751 959 887 1000 neeesse
912 947 978 1014 est,
999 949 1041 1009 nt
1065 935 1165 1017 haee,
1200 957 1298 1022 quae

162 1050 345 1126 permutata
370 1053 464 1116 sunt,
494 1053 646 1126 tanquam
674 1061 734 1104 nec
756 1038 937 1104 Linnaaana
960 1059 1040 1119 vera
1061 1040 1296 1124 signarentur,

139 1142 249 1227 'adea
273 1153 310 1214 ut
334 1141 462 1208 demum
487 1135 717 1210 Linnaeana
742 1163 838 1220 vara,
874 1161 948 1210 nee
970 1137 1201 1206 Linnteana
1232 1161 1295 1204 ve·

163 1265 201 1308 ra
225 1253 258 1306 et
286 1241 412 1333 plane
444 1265 524 1308 non
543 1237 781 1312 Linnteana
815 1265 874 1342 per
898 1243 1029 1307 saecula
1054 1241 1292 1363 distinguenda

162 1345 282 1410 forent.
335 1341 396 1409 Illa
427 1359 535 1410 autem
565 1346 673 1412 media
706 1359 739 1410 et
766 1348 878 1431 spuria
903 1347 1024 1432 optime
1055 1347 1290 1440 inposterum

164 1447 317 1516 evitanda
343 1445 520 1527 medimna,
558 1453 587 1514 si
611 1450 722 1520 omnia
744 1449 925 1516 Linnaeana
950 1451 1098 1526 nemina,
1126 1461 1288 1534 quantum

164 1547 249 1612 aliae
275 1550 421 1613 rationes
446 1553 652 1636 permittant,
683 1554 904 1614 restituamus.
940 1549 1080 1614 Saltem
1107 1548 1174 1613 alia
1190 1552 1287 1636 ¹ratio

118 1730 123 1738 ι
163 1646 396 1716 'denominandi
424 1672 490 1716 non
522 1649 745 1739 exspectanda
771 1649 914 1729 abillo,
942 1653 998 1739 qui
1019 1651 1149 1716 Linntei
1174 1655 1287 1717 trami·
1346 1649 1347 1702 l

1346 1709 1347 1736 l

164 1767 232 1818 tem
267 1767 333 1817 tam
363 1754 420 1818 diu
449 1749 623 1841 diligenter
652 1765 783 1819 secutur
813 1765 865 1818 ert
888 1765 921 1818 et
950 1755 1022 1838 ejus
1042 1753 1157 1820 floram
1180 1757 1284 1820 omni·
1346 1739 1347 1828 l

122 1895 128 1906 «
165 1877 221 1920 um
245 1855 466 1922 eertissimam
491 1858 562 1942 jam
596 1855 679 1935 edit,
722 1869 755 1919 et
788 1857 844 1945 qui
875 1849 1034 1930 batsala
1059 1859 1189 1930 ratione
1216 1859 1285 1921 evi·

164 1969 214 2022 tat
245 1958 450 2022 incommoda
485 1955 587 2036 multa
618 1957 658 2024 ab
691 1957 765 2028 aliie
797 1979 912 2046 parum
940 1971 1125 2044 perspecta,
1176 1957 1279 2024 Etiam

165 2062 272 2148 tnagis
298 2063 333 2124 in
357 2061 526 2154 pristinum
552 2061 754 2130 restituenda
777 2081 834 2138 ea,
864 2081 947 2149 quae
971 2059 1280 2146 mutationes-subi·
1347 2071 1348 2106 i

168 2177 281 2241 erunt,
307 2185 349 2226 ne
371 2167 562 2229 auctoritate
591 2163 721 2256 quidem
742 2163 916 2228 Liunaeani
936 2160 1080 2252 herbarii
1103 2161 1282 2240 subnixas,

168 2287 252 2354 qnae
287 2267 371 2329 ratio
410 2279 461 2331 est
498 2265 709 2353 ttttaginis
746 2279 969 2340 montanae
1007 2279 1041 2332 et
1075 2267 1278 2340 artensis.
1348 2333 1349 2360 q

107 2365 116 2379 “
168 2367 320 2434 Attamen
348 2367 564 2433 admittendae
589 2369 747 2458 quaedam
771 2371 1007 2458 exceptiones²
1039 2383 1076 2433 ut
1102 2370 1137 2434 in
1161 2367 1278 2446 Aria,

16 2510 29 2531 ι.
78 2515 82 2524 ·
168 2493 252 2560 quae
285 2482 335 2534 est
367 2490 485 2536 nomen
517 2483 729 2547 extraneum,
769 2481 803 2534 et
833 2471 868 2535 in
895 2467 1104 2538 Batoniea
1137 2471 1280 2534 offici·

167 2569 279 2649 nali‚
306 2572 425 2660 qnippe
450 2595 531 2661 qnae
557 2573 598 2638 ab
621 2569 818 2638 australibus
840 2575 936 2639 terris
961 2572 1071 2662 ibique
1095 2569 1279 2636 efficacissi-

167 2695 223 2744 ma
247 2675 300 2740 sit.
351 2671 422 2741 Nee
444 2678 576 2740 nomina
595 2676 788 2762 Linnaeana,
817 2669 1149 2763 aliquando'naturae
1173 2677 1277 2738 minua

169 2777 398 2845 convenientia
430 2792 463 2842 et
495 2799 514 2843 e
545 2775 631 2842 falsie
665 2779 933 2844 concatenatione
967 2781 1110 2844 nominis
1145 2791 1179 2843 et
1212 2774 1274 2850 leci

167 2880 332 2971 prolecta,
362 2894 485 2944 mutare
517 2879 671 2966 dubitavi.
729 2877 780 2946 Ita
812 2902 868 2946 ex.
896 2903 946 2968 gr.
979 2880 1104 2948 Salix
1133 2901 1274 2945 arena·

169 2986 249 3062 ria,
293 3002 375 3068 quae
412 2986 551 3068 primum
584 2981 858 3071 &argentea
886 2984 965 3062 fnit,
1006 2984 1083 3049 dein
1111 3001 1272 3072 perperam

169 3105 243 3152 eum
268 3079 482 3156 Norrlandiea
506 3081 622 3152 illaS.
640 3083 792 3152 limosa
812 3085 1019 3173 jungebatur.
1068 3081 1232 3152 Eodem
1210 3105 1273 3150 mo·

169 3187 214 3254 do
239 3185 378 3253 aliorum
404 3191 535 3257 nomina
561 3201 695 3262 naturae
722 3191 939 3296 reppgnantia
964 3188 1043 3254 mihi
1067 3211 1181 3276 parum
1204 3208 1272 3253 ran·

170 3287 223 3358 'eta
254 3290 326 3355 visa
350 3303 427 3356 snut
452 3313 508 3356 ex.
534 3311 583 3382 gr.
612 3286 751 3358 Drn'ba
769 3267 958 3370 nivalia,
984 3313 1067 3378 quae
1091 3291 1133 3355 ad
1156 3289 1272 3358 nivales

168 3393 316 3482 plantas,
340 3391 453 3480 qualea
480 3408 558 3462 runt
579 3391 856 3474 Renun'cnlas
882 3392 1069 3474 nivalis,
1095 3391 1272 3460 Saxilra·

170 3518 221 3588 ga
247 3495 406 3562 nivalia
432 3509 511 3582 eta,
545 3519 613 3566 ιιοιι
638 3499 780 3644 pertinet
799 3497 840 3584 ²).

174 3610 342 3632 μ..-

215 3657 242 3740 *)
264 3665 383 3719 Etiam
376 3685 402 3722 ιιι
428 3669 484 3723 aliie
508 3667 627 3750 operibus
654 3631 759 3725 nomina
786 3669 827 3718 rel
846 3667 930 3718 atium
953 3679 1025 3734 apta,
1055 3673 1143 3732 utpote
1170 3658 1270 3715 nimium

252 3753 433 3824 etimologian,
456 3759 496 3808 vel
519 3754 643 3806 memoria
661 3766 759 3818 retentu
783 3755 860 3808 nimis
883 3751 998 3808 ‹lislieilia
1019 3751 1085 3802 sicut
1107 3747 1162 3800 allis
1180 3750 1268 3818 aperie-

248 3842 300 3905 but
330 3845 405 3896 etiarn
437 3843 631 3911 convenientia1
659 3843 808 3910 praesertim
839 3857 899 3891 etun
924 3857 976 3890 aon
1000 3837 1097 3906 publici
1126 3834 1187 3900 ituit
1212 3835 1269 3890 lacta

253 3919 366 3997 luerunt,
399 3929 535 3999 aliqnando
561 3926 667 3980 meliora
689 3927 796 3982 reddere
816 3923 898 3988 volui}
929 3925 999 3990 cnjus
1021 3941 1061 3977 cx.
1079 3939 1118 3990 gr·
1141 3923 1174 3976 eit
1193 3923 1268 3976 Draba

198 4017 200 4024 '
252 4007 343 4072 azoel
370 4021 428 4070 locu
457 4012 675 4086 tatiacur‘pae
698 4015 731 4070 ad
750 4017 784 4069 D.
805 4025 1040 4067 taurentoram
1061 4007 1140 4078 magi·
1162 4024 1266 4081 tprcuu-
