2708 4682
324 723 890 871 consorores?

159 951 347 1026 BEGNI
398 974 451 1020 nn
501 948 1004 1026 VEGETATIONIS.

152 1279 155 1284 ⁴
183 1297 211 1366 1.
262 1299 454 1367 Lrurrnns
487 1320 532 1366 sn
566 1296 810 1368 Gracurnns
841 1299 987 1370 linear.
1212 1378 1217 1398 ι

13 1461 132 1630 Quo
165 1509 273 1595 magis
308 1503 489 1596 Vegetatio
521 1460 678 1611 indigena
713 1527 789 1574 esse
815 1509 978 1596 reperitur
1007 1503 1079 1572 fixe
1109 1521 1144 1576 ot

12 1625 94 1693 loco
124 1648 186 1692 suo
216 1647 286 1691 non
314 1625 498 1706 mutabilis,
533 1646 575 1692 eo
597 1626 705 1713 magis
731 1629 815 1690 ratio
841 1647 879 1691 se
905 1626 1026 1692 offerre
1050 1626 1143 1696 vidc-

12 1743 91 1808 tur,
133 1751 206 1794 eam
241 1727 443 1805 naturalibus
464 1727 752 1795 circumscribendi
777 1727 955 1807 limitibus,
993 1731 1050 1818 qui
1075 1730 1142 1815 ipsi
1173 1797 1181 1817 Ι

16 1845 168 1898 ceterum
192 1827 358 1898 Botanicis
385 1853 422 1898 se
449 1853 579 1918 semper
608 1831 832 1920 praebuerunt
859 1843 892 1896 et
916 1852 1045 1922 quoqne
1071 1827 1142 1896 iere

16 1935 123 2000 iidem
148 1956 169 1998 a
193 1933 337 2021 politicis
365 1937 487 2000 nostris
511 1933 686 2023 aliquando
712 1936 854 2022 expetiti
878 1934 1021 2000 fuerunt.
1073 1933 1143 2000 Lo·

17 2045 106 2124 quor
142 2035 216 2102 heic
250 2037 292 2104 de
325 2037 526 2104 adsumendo
558 2035 614 2103 vel
643 2035 842 2103 includendo
874 2033 979 2102 altero
1016 2034 1143 2101 scilicet

19 2139 273 2226 septentrionali
298 2138 403 2206 latere
429 2139 554 2228 alpium
579 2139 845 2226 Lapponicarum
868 2139 956 2203 intra
976 2136 1062 2204 lines
1083 2157 1143 2202 no·
1260 2165 1263 2172 ·

18 2255 111 2306 strae
144 2241 284 2323 Florae,
326 2249 441 2330 utpote
467 2240 558 2330 quod
582 2243 669 2308 iutra
695 2239 826 2308 Floram
855 2241 1079 2326 Lapponicam
1105 2261 1143 2304 re

18 2366 104 2409 vera
127 2364 259 2432 semper
277 2342 447 2420 inclusum
471 2345 551 2424 fnit,
579 2363 804 2432 necunquam
830 2365 848 2407 e
870 2329 985 2408 Fauna
1011 2355 1045 2406 et
1066 2339 1145 2407 Flo·
1175 2359 1188 2390 ἰ

22 2468 63 2511 ra
91 2443 227 2512 Sve'cicc
255 2450 427 2536 expressis
456 2443 567 2514 verbis
595 2443 779 2512 exclnsrnn.
838 2441 914 2511 Una
945 2465 1018 2512 cum
1040 2443 1144 2510 hocce

22 2547 137 2637 alpino
167 2551 251 2638 jugo
288 2549 501 2618 adscribimus
527 2569 658 2639 qnoque
683 2547 803 2616 Florae
830 2561 962 2616 nostrae
987 2549 1144 2636 regiones

23 2671 140 2717 omnes
161 2651 331 2722 fluminum
355 2675 401 2722 ex
401 2623 598 2744 'alpibus
580 2647 634 2718 his
657 2654 868 2718 venientium.
920 2649 976 2716 Sic
1004 2671 1144 2738 regnum

23 2753 145 2822 Florae
179 2769 313 2822 normae
342 2757 616 2846 circumscriptum
640 2751 821 2820 voluissem
845 2765 970 2819 tantum
998 2752 1145 2818 maribus

24 2869 60 2920 et
92 2857 219 2918 duabus
250 2857 350 2920 lineis
375 2860 491 2921 rectis:
527 2875 662 2943 quarum
690 2853 828 2922 alters
856 2853 1145 2922 occidentalis
1230 2915 1233 2922 .

25 2979 46 3022 a
68 2940 295 3022 Nordlandiae
323 2957 550 3044 promontorio
571 2957 779 3024 meridionali
803 2957 948 3024 Knunen
977 2959 1062 3024 dicto
1088 2977 1144 3023 ns·

25 3082 90 3148 qne
110 3059 152 3124 ad
167 3057 356 3127 Svincsnud
370 3057 502 3147 prolata
518 3061 579 3140 sit,
596 3061 645 3126 lte
659 3073 696 3124 ιιι
707 3057 882 3126 Nidrosice
893 3063 986 3150 regio
1001 3059 1146 3147 (Trond
1272 3095 1276 3102 ,

24 3163 138 3232 hiems
156 3159 245 3249 Αιιιι)
275 3175 442 3254 totumque
474 3159 597 3252 ulpium
625 3157 922 3251 Norvegicarum
905 3183 1023 3252 jugum
1046 3165 1157 3231 meri·-

27 3261 162 3337 dionale
187 3277 249 3332 etc.
276 3265 487 3344 excludetur3
527 3263 665 3334 ultera
693 3265 922 3334 orientalis
948 3287 1145 3355 apremon-

29 3371 116 3433 torio
142 3367 258 3458 Kegor
280 3390 399 3457 usque
409 3370 452 3436 ud
470 3371 587 3436 sinum
608 3365 794 3436 Bottnioum
819 3370 914 3436 ducta
939 3370 1146 3458 Lapponiam

32 3475 266 3562 regionemque
293 3485 397 3540 totam
425 3472 623 3542 lismensem
642 3471 813 3540 includens
827 3475 866 3562 ).
900 3473 967 3541 Sic
969 3471 1144 3544 limitatum

33 3649 201 3668 ..ι-

79 3722 107 3800 ἶ)
128 3731 218 3787 Haec
236 3735 304 3788 liner
325 3745 406 3786 totam
423 3732 588 3813 peninsulam
607 3729 788 3808 Sceudiurrise
806 3729 839 3784 ab
860 3731 1023 3786 odeutslibus
1041 3743 1068 3786 et
1087 3731 1146 3784 rus-l

123 3821 162 3886 8³¹
182 3823 389 3876 contineuulibns
410 3822 484 3874 terris
502 3833 606 3875 uetares
627 3823 733 3874 omniuo
750 3821 927 3874 convenienter
945 3819 1092 3884 distinguit,
1112 3819 1146 3874 its

124 3905 180 3957 tell·
205 3923 235 3962 ιιι
261 3913 365 3966 lluruins
394 3909 541 3982 Lsppouiss
563 3909 699 3964 mamis
728 3927 743 3962 s
766 3909 859 3963 nostris
878 3907 978 3979 alpibus
995 3909 1038 3960 vel
1056 3908 1145 3960 adrem
1264 3915 1267 3920 ’

123 3993 268 4066 regionibus
288 3999 427 4072 mhripinir
450 4015 543 4071 squam
561 4014 634 4054 suam
654 3998 726 4070 quod
742 3999 779 4053 ed
796 3997 935 4054 maximnm
957 4008 1056 4068 nm
1077 3997 1152 4064 ⁸⁰⁰1?
