2708 4682
117 425 120 431 ·
181 424 517 476 consonemus
569 377 963 493 ιιιιτιιιοιιιι
1066 431 1134 494 ιιι

16 604 132 674 ›lures
162 608 252 676 alere
277 609 427 678 homines
448 610 572 698 (idol)
595 633 656 699 per
676 611 758 680 mill.
780 613 876 702 quad.
897 635 995 702 quarn
1007 616 1136 702 species
1179 663 1184 674 .

13 712 215 791 stantarum,
241 717 322 779 satis
348 729 519 800 expertum
537 713 712 793 balsamum
737 739 821 804 quac
844 721 927 782 ratio
951 719 1048 782 ctiam
1068 739 1136 784 ma·

14 817 68 900 gis
102 815 214 881 locum
238 813 337 882 habet
364 817 400 882 in
425 813 658 884 Vermclondia
679 818 930 898 ferrimontana,
958 808 993 882 'si
1018 839 1135 906 nempe

11 915 62 980 ,bi
101 917 236 982 dimidia
270 939 347 1004 para
373 917 558 999 hominum,
595 933 709 1006 utpote
739 921 903 986 frumento
933 919 1041 1000 alieno
1076 944 1135 1008 per

11 1022 257 1088 commercium.
282 1021 361 1086 ferri
385 1023 548 1111 adquisito
571 1023 767 1101 viventium,
800 1025 996 1109 excipiatur.
1047 1022 1134 1089 Dein

9 1119 251 1188 Norrlandiam
276 1142 343 1188 non
367 1138 485 1189 exacte
506 1124 635 1213 quidem
658 1138 845 1211 computare
867 1145 1055 1212 possumus,
1077 1124 1135 1190 scd

9 1225 97 1308 reri·
115 1223 224 1290 simile
247 1239 309 1304 cst,
333 1246 395 1314 pro
421 1227 549 1291 circiter
574 1229 648 1292 310
674 1247 763 1313 spec.
785 1225 890 1312 planta
914 1245 981 1290 non
995 1225 1136 1314 amplius

7 1329 90 1394 183
120 1326 283 1394 homines'
298 1329 332 1392 in
355 1324 437 1394 mill.
464 1328 620 1416 quadrato
643 1329 819 1394 exsistere.
859 1327 994 1394 Cestius
1014 1331 1135 1394 scucos

7 1452 41 1492 ,ιι
71 1430 249 1517 Lappouia
277 1429 434 1514 sylvatica
454 1431 517 1494 vix
536 1429 612 1515 plus
638 1451 734 1516 quam
762 1432 783 1494 7
810 1425 959 1495 homines
983 1449 1042 1515 per
1062 1428 1135 1496 mil-

5 1535 87 1596 tiar.
123 1533 223 1619 quad.
258 1534 390 1616 virere,
435 1545 469 1596 et
499 1533 575 1596 dein
602 1551 719 1597 versus
748 1529 840 1618 alpes
872 1551 953 1626 mox
986 1531 1149 1606 homines,

6 1633 87 1699 t'era
110 1647 324 1698 evanescunt.
376 1634 413 1700 Si
438 1653 484 1700 ex
514 1629 574 1700 hac
602 1636 841 1720 computatione
867 1632 1051 1720 tabulatu')
1075 1645 1137 1700 ex-

4 1737 186 1813 struimus,
205 1734 393 1802 ¹ridebimus
422 1757 467 1802 ex
494 1735 621 1802 collado
644 1739 716 1823 ejus
740 1736 897 1814 numeris,
926 1729 1136 1802 etiamsinon

6 1837 212 1924 regulariter
245 1837 448 1917 decrescant,
483 1853 591 1904 tamen
617 1857 786 1904 numerum
806 1827 1006 1917 incolarum,
1037 1831 1134 1904 initio

6 1943 89 2028 plus
116 1961 215 2030 quam
241 1938 339 2028 triplo
363 1941 539 2026 majorem,
570 1939 673 2006 multo
702 1943 798 2006 citius
824 1941 1014 2006 decrescere
1037 1963 1133 2028 quam

8 2065 187 2110 numerum
215 2045 413 2131 specierum,
447 2043 530 2110 adeo
563 2053 599 2107 ut
626 2039 734 2108 lineae
760 2059 878 2110 curvae
907 2043 1047 2131 denique
1077 2043 1134 2108 de-

8 2160 209 2224 cussentur,
254 2145 325 2211 lere
361 2148 446 2211 sicut
481 2165 586 2232 aquae
622 2145 733 2210 radios
773 2165 819 2210 ex
850 2137 940 2210 vasis
965 2137 1133 2230 cujusdam

9 2245 214 2336 cylindracei
246 2251 347 2313 variis
381 2245 596 2312 foraminibus
628 2245 704 2331 plus
736 2247 844 2310 minus
867 2241 943 2310 altis
967 2248 1132 2332 projectos

9 2353 193 2418 ostendere
230 2349 339 2418 solent
377 2346 519 2435 Physici.
585 2343 675 2426 Quin
715 2339 778 2412 lrac
809 2347 894 2411 duae
928 2337 1037 2413 lineae
1068 2361 1133 2436 qud

10 2449 149 2544 longius
180 2473 220 2518 co
248 2455 343 2520 citios
367 2451 519 2528 deorsum
546 2463 701 2538 vergant,
736 2443 914 2519 secundun
941 2446 1132 2518 decrescen-

9 2559 91 2624 tiam
115 2551 354 2644 temperaturae
376 2567 438 2620 etc.
463 2571 581 2620 versus
602 2552 726 2639 polum,
751 2551 877 2618 nullum
900 2559 953 2618 ert
979 2545 1132 2632 dubium

9 2679 52 2726 an
88 2674 199 2725 autem
222 2655 427 2744 parabolicae
452 2658 519 2722 rint
544 2677 585 2721 an
609 2658 720 2741 potius
749 2649 931 2741 elliptictte,
956 2645 1038 2720 milri
1063 2668 1131 2722 non

10 2775 155 2828 constat.
208 2759 354 2826 Sufficiat
381 2757 455 2826 heic
490 2759 674 2826 ostendisse
708 2771 792 2846 quae
823 2771 960 2822 necesse
989 2753 1132 2824 interce*

8 2861 68 2932 dat
94 2848 264 2952 proportio
294 2864 380 2928 iuter
409 2878 577 2927 numerum
600 2853 779 2926 incolarum
805 2871 838 2924 et
862 2849 1062 2945 plantarum,
1084 2872 1131 2926 *ut

5 2974 49 3038 ad
78 2989 209 3052 causas
224 2963 321 3051 hrrjus
347 2960 564 3053 phaenomcni
592 2983 656 3052 pro,
679 2975 750 3028 tote
770 2979 807 3030 re
820 2951 1014 3026 illustranda
1026 2973 1130 3028 attam

3 3071 91 3140 dere
118 3071 229 3136 licoat.
262 3068 341 3134 lndc
365 3062 587 3133 concludimus
610 3057 772 3130 culturam
789 3073 896 3142 terrae
914 3075 980 3130 non
995 3065 1128 3130 omnino

2 3177 199 3244 consistere
232 3171 268 3238 in
293 3167 533 3258 exstirpatione
563 3163 779 3256 vegetau'onis
802 3161 910 3246 ferae,
944 3157 1004 3232 sed
1025 3167 1129 3234 mutto

4 3281 119 3367 magis
155 3277 189 3340 in
220 3273 334 3340 cadom
359 3271 546 3358 usurpanda
568 3278 601 3336 et
624 3269 853 3358 permutanda,
879 3283 950 3357 quse
976 3263 1059 3334 tutio
1087 3281 1128 3334 eo

4 3383 121 3468 magis
146 3377 296 3456 exsistit,
328 3396 393 3463 quo
417 3371 517 3460 altius
540 3391 655 3439 versus
676 3373 931 3460 septentrionem
955 3365 1128 3458 petronia·

8 3501 101 3552 mua.
152 3477 223 3546 Nec
254 3477 424 3546 insolitum
452 3490 521 3558 ert,
554 3495 619 3567 quo
646 3477 751 3562 major
781 3476 825 3542 sit
853 3477 924 3556 tit,
957 3473 1128 3562 corcagia

8 3687 182 3710 finan-fl

6 3831 7 3838 ¹
59 3799 92 3874 *)
115 3805 236 3860 Ttbulun
262 3803 320 3862 heic
341 3801 527 3876 adiungendam
554 3819 656 3875 qrtoqm
678 3797 814 3876 proposui,
838 3793 885 3856 red
912 3791 949 3854 ot
967 3793 1126 3855 marea·

104 3909 161 3946 um
181 3895 244 3964 apt·
267 3897 428 3966 exprimendi
446 3910 472 3949 et
492 3897 632 3964 angustiam
654 3893 776 3964 temporis
795 3890 891 3942 orrum
910 3900 957 3940 stt·

181 4005 279 4074 Flor.
300 4005 397 4076 Svec.
443 4002 674 4074 Introductio.
929 4015 961 4062 e·
