2668 4686
235 306 310 403 s9e
590 299 990 379 cararouaum

275 513 431 574 Crassities
461 513 535 592 quin
563 512 784 573 etsubstssttia
801 510 937 594 undique
960 524 1042 576 setae
1066 517 1217 598 porcinae
1238 525 1263 575 et
1277 523 1309 576 re‘

106 666 111 678 ⁸
230 601 278 660 lor
304 601 373 680 plus
398 600 499 658 miuus
528 598 693 660 albescens.
737 599 912 659 Tubercula
940 603 1055 662 sterilia
1081 625 1149 663 non
1169 607 1305 664 tautonis

229 688 322 770 ramis
343 685 476 764 ultimis,
502 685 556 745 sed
577 687 741 766 praecipue
762 685 797 744 in
817 688 913 746 caule.
955 691 1003 747 Au
1025 690 1131 770 itaque
1153 691 1249 756 series
1263 711 1304 749 aaa·

3 761 4 778 ¹
99 757 104 818 .'
219 775 313 834 tinus
337 793 354 832 a
374 771 405 832 F.
429 773 653 836 surcellato
678 791 735 852 per
751 775 986 852 praecedentem
1007 775 1045 834 ad
1063 777 1303 854 praesententu-

227 880 309 920 maus
332 859 546 940 progrediens,
572 879 649 939 qssoe
673 859 706 944 in
725 860 784 918 tria
804 879 915 938 genera
938 883 1000 924 non
1024 863 1270 943 disrumpenda?

230 989 325 1075 1795.
358 972 751 1060 SPHAEROCOCCUS
783 985 1043 1074 confervoirles:
1075 989 1190 1076 stirpe
1213 1002 1309 1056 satana

314 1071 568 1139 carnosiusoula
608 1071 765 1157 virgatim
793 1097 945 1140 ramosas
984 1071 1090 1140 ramis
1128 1077 1308 1160 tumulisque

313 1157 532 1224 subsecundis
553 1157 714 1246 utrinque
739 1160 936 1242 attenuatis,
960 1161 1107 1248 capsulis
1128 1161 1310 1248 hemispha-

217 1307 223 1316 .
309 1243 390 1312 sicis
428 1243 563 1332 sparsis.
585 1247 646 1294 ⁴-
685 1241 793 1310 Lirm.
824 1268 914 1334 spec.
943 1247 993 1332 pt.
1023 1245 1075 1310 ed.
1106 1267 1140 1311 2.
1181 1245 1309 1335 911619.

314 1327 452 1396 Turner
485 1329 566 1395 bist.
592 1327 675 1416 ¹fsto.
706 1340 729 1396 t.
751 1327 805 1398 84.
860 1329 966 1419 Engl.
994 1327 1075 1400 Bot.
1109 1336 1165 1398 24.
1197 1346 1224 1399 t.
1248 1329 1310 1398 siit

308 1417 366 1483 Fl.
387 1415 484 1482 Dan.
507 1428 531 1482 t.
552 1417 626 1482 558.
673 1413 847 1482 Woblcnb.
867 1415 961 1505 lapp.
982 1419 1169 1506 0961-
1190 1415 1310 1508 Agardi.

308 1525 383 1592 syn.
401 1523 437 1588 p.
459 1503 511 1569 55.
578 1525 623 1568 00.
652 1522 680 1568 1.
703 1501 831 1588 91505.

262 1589 308 1667 β’.)
336 1587 490 1653 crassior.
573 1591 628 1653 tva
649 1587 836 1654 sobolifers
863 1587 960 1654 Flor.
984 1587 1079 1656 Dan.
1105 1598 1134 1653 t.
1161 1588 1241 1656 556.
1263 1587 1307 1675 (a-

219 1687 223 1694 '
309 1684 506 1740 meutaccus
530 1674 564 1736 in
585 1673 655 1740 iud.
679 1675 721 1739 Τ.
744 1672 821 1760 IV).

262 1761 355 1826 Hab.
384 1759 476 1857 inter
496 1759 692 1825 corallinam
721 1757 757 1826 in
778 1756 977 1827 scrobiculis
998 1755 1214 1826 littoralibus
1233 1753 1305 1824 matis

263 1846 723 1996 Prpgpelggtgfflpalltpuppppetss.
736 1931 873 2012 longior,
905 1950 995 2011 saepe
1024 1930 1148 2011 pedalis
1179 1933 1302 2003 stultu,

173 2080 178 2090 ,
217 2031 282 2082 tam
306 2021 418 2094 mollis,
442 2029 479 2080 ut
499 2020 579 2080 inter
601 2021 736 2082 chartam
754 2021 939 2100 plerumque
959 2019 1197 2098 comprimatur.
1238 2021 1303 2079 Color

108 2146 113 2152 ·
170 2162 175 2176 ,
216 2127 457 2190 purpurascens‚
488 2107 543 2166 sed
565 2109 598 2166 in
617 2107 836 2186 speciminibus
857 2105 1045 2183 perennibus
1062 2105 1225 2166 interdum
1239 2107 1304 2165 albe·

218 2201 318 2273 scens,
342 2215 403 2278 quo
426 2195 563 2252 iu'statu
584 2193 623 2252 sd
643 2191 877 2272 praecedentem
900 2192 1036 2250 revertit.
1085 2213 1091 2222 ·

217 2319 311 2406 1796.
343 2309 738 2394 SPHAEROCOC,CUS
761 2309 965 2399 subfossus:
997 2307 1104 2398 stirpe
1127 2306 1303 2374 frutioulosa

106 2428 109 2438 ¹
246 2442 248 2448 .
300 2397 609 2486 fusco-nigricante
633 2395 792 2485 multiplo
818 2395 927 2462 divisa
952 2396 988 2462 in
1009 2395 1166 2462 ramulos
1191 2397 1305 2460 demum

283 2486 512 2556 'fasciculams
533 2484 665 2562 strictos
683 2483 835 2570 granulis
851 2479 981 2550 seriatis
996 2491 1214 2548 0111101011-
1230 2481 1305 2571 Tup-

300 2595 364 2638 ner
387 2569 466 2636 bist.
481 2567 558 2652 fur.
579 2579 604 2634 t.
629 2591 677 2635 ιο.
721 2568 1007 2658 Engl.Bot.17.
1031 2579 1057 2632 t.
1082 2567 1178 2634 1164.
1226 2567 1306 2633 Flos.

298 2659 396 2718 Dora.
419 2663 443 2716 t.
473 2647 564 2720 1543.
608 2651 783 2721 Walrlenb.
806 2656 902 2741 lapp.
925 2677 958 2718 n.
981 2653 1056 2740 964.
1083 2687 1129 2703 --
1151 2653 1304 2742 Regemi.

297 2738 364 2808 bot.
397 2732 492 2806 Zeis.
525 2732 618 2806 1820.
645 2763 682 2828 p.
704 2739 779 2806 401.
825 2741 923 2827 Aspe
950 2762 1010 2806 ren
1038 2737 1188 2830 bleking.
1214 2763 1306 2827 9199

219 2859 221 2867 ¹
299 2825 449 2914 Agordb
471 2845 545 2903 sun.
565 2845 601 2910 p.
622 2825 675 2894 52.
697 2849 786 2912 spec.
809 2851 838 2892 1.
857 2847 894 2912 p.
918 2764 991 2912 578.
1015 2825 1274 2914 (Rhodomela).

257 2911 350 2982 Hsb.
379 2903 545 2978 infundo
568 2921 602 2976 et
623 2908 662 2976 in
680 2909 852 2978 radicibus
873 2911 1032 2981 fucorum
1055 2910 1097 2975 ad
1120 2934 1201 2978 oras
1224 2923 1304 2977 exte·

296 2995 405 3074 riores
426 2997 530 3061 maris
552 2997 825 3082 septentrionalis
844 3007 877 3064 ot
890 2995 1104 3064 occidentalis
1119 3001 1244 3066 saltem
1258 2999 1304 3062 sa-

294 3081 401 3148 husiss
428 3081 509 3147 satis
538 3075 755 3169 frequentem
788 3083 924 3152 tenuior
954 3083 996 3148 ad
1019 3079 1213 3173 Kullaberg
1235 3087 1304 3150 Ses-

293 3169 378 3252 uiae,
401 3167 598 3256 Blelsiugiae.

252 3254 353 3340 Stipes
384 3255 505 3318 iulerne
534 3277 637 3338 penus
660 3255 837 3319 columbina
855 3275 947 3337 saepe
967 3258 1103 3318 crassior
1118 3258 1268 3320 continue
1282 3268 1303 3314 et

208 3345 381 3406 alternatim
409 3345 558 3405 dividitur
588 3346 624 3404 in
647 3365 751 3420 ramos
782 3345 980 3424 remulosque
1009 3345 1137 3406 demum
1168 3347 1305 3406 tenuitate

205 3431 1306 3602 llll..⁵²‘¹³⁵3“ltalli-.‘}{til⁰.tttttt³gts.l¹iffi?

179 3623 193 3636 ”
205 3591 383 3671 cedentibus
407 3605 517 3666 differt.

206 3732 301 3800 1797.
325 3700 721 3776 SPHAEROCOCGUS
738 3727 1015 3795 purpurascere.-
1038 3706 1150 3798 stirpe
1165 3707 1304 3776 fruticu-

289 3798 371 3866 losa'
393 3789 790 3880 lusco-purpurasceute
819 3795 953 3880 *alterne
984 3795 1100 3859 divisa*
1131 3797 1169 3860 in
1197 3814 1301 3861 ramos

289 3879 508 3966 aemulosque
539 3879 681 3946 demum
707 3879 898 3949 'aniculares
926 3880 1099 3970 capsulam
1122 3881 1303 3949 solitariam
