2708 4682
339 330 341 339 ’
396 331 551 382 nerto
593 277 775 380 opseri
866 291 870 299 ’
1087 329 1144 380 nx

10 521 128 601 liam,
157 540 242 610 quae
268 537 397 606 semper
419 513 590 594 inclusive,
613 513 739 582 seilicet
761 513 978 586 adnumeratis
994 511 1068 602 (nec
1082 536 1142 584 ex·

10 619 139 710 lusis)
175 623 227 688 his
259 622 384 686 ultimis
414 622 612 708 provinciis,
644 617 761 686 saltem
787 620 874 706 quod
899 617 942 687 ad
964 621 1141 686 maximam

10 740 171 802 cartem,
196 718 409 810 intelligenda
434 743 508 788 esse
526 741 707 787 monemus.
760 717 844 786 Cum
865 720 959 807 regio
984 739 1020 785 se
1045 720 1142 787 inla-
1265 769 1268 780 ‚
1345 759 1346 788 t

10 829 200 894 itudioetn
226 824 379 913 explicat,
406 821 490 890 fines
517 825 586 888 iere
613 825 729 888 eodem
753 823 852 888 modo
866 821 1039 909 designare
1050 809 1143 888 uolui

10 945 77 992 ex.
104 951 157 1016 gr.
183 927 340 994 aSeania
361 927 403 992 ad
426 923 620 1014 Uplandiam
647 938 681 990 et
705 947 726 990 a
747 921 924 990 Gotlandiu
947 921 989 987 ad
1003 921 1142 990 Vestro·

10 1029 184 1116 gothiam,
210 1028 256 1093 ita
281 1044 317 1094 ut
340 1047 453 1094 omnes
480 1031 633 1115 regiones
656 1022 794 1113 locaque
818 1025 904 1090 intra
926 1023 1141 1112 hoospadum
1187 1045 1189 1050 ·

9 1131 264 1220 quodammodo
292 1134 481 1220 quadratum
506 1133 569 1194 site
590 1125 687 1192 simul
713 1127 964 1192 includerentur.
1016 1121 1142 1194 Multae

9 1247 130 1298 liutem
160 1233 291 1320 plantae
316 1235 351 1298 in
374 1229 565 1318 regionibus
593 1249 648 1294 ex.
671 1250 721 1315 gr.
745 1225 958 1294 orientalibus
984 1225 1141 1308 habitant,

9 1358 159 1422 quarum
190 1333 327 1400 limitem
361 1331 596 1399 occidentalem
633 1346 714 1396 tuno
741 1329 906 1396 delineare
939 1326 1048 1410 volui,
1082 1349 1139 1396 ex.
1185 1399 1189 1404 ,

9 1457 69 1521 gr.
100 1435 194 1501 hisce
225 1436 353 1502 verbis:
390 1457 409 1498 a
434 1435 553 1498 Soanie
581 1433 622 1497 ed
644 1427 931 1519 Vestrogothiam‚
957 1427 1140 1512 Noricam,

9 1537 274 1604 Vestmanniam
307 1532 576 1622 etUplandiam‚
615 1555 680 1622 quo
703 1531 880 1600 iudicatum
904 1529 1013 1614 volni,
1047 1533 1141 1621 plau·

9 1654 87 1705 tam
121 1643 220 1718 ,intra
251 1637 339 1702 hune
371 1637 624 1724 qualemcunque
658 1633 897 1702 semicirculum
935 1633 991 1702 vel
1019 1632 1142 1704 lineam

10 1763 159 1805 curvam
183 1752 216 1805 et
237 1759 325 1804 marc
348 1737 506 1803 orientale
534 1741 671 1824 ejusque
691 1733 819 1804 insulas
841 1733 1035 1804 Oelendienr
1060 1738 1141 1806 Got-

9 1841 231 1930 lnndiamque
263 1844 298 1906 in
320 1838 471 1906 omnibus
503 1839 682 1927 provinciis
715 1857 873 1905 crescere.
924 1837 1057 1905 Plantas
1082 1861 1139 1906 eu·

15 1958 90 2010 tem
127 1943 197 2030 (ex.
225 1965 276 2030 gr.
308 1941 456 2008 Sedum
488 1939 637 2020 album,
679 1935 902 2007 Rhamnuln
934 1941 1139 2009 cutberti·

15 2047 141 2131 cum),
169 2065 251 2134 quae
277 2047 312 2110 in
336 2044 453 2109 insulis
480 2041 532 2108 his
558 2041 696 2131 aliisque
719 2042 908 2130 regionibus
922 2059 1018 2130 quom
1030 2046 1143 2110 urlani.¹
1270 2113 1272 2116 Ι

15 2170 74 2212 nte
104 2143 319 2214 orientalibus
343 2147 634 2233 trequentissimae
660 2157 753 2223 suut,
789 2165 810 2208 a
832 2143 951 2220 Scanla
978 2165 1038 2232 per
1065 2161 1138 2212 eas·

17 2251 98 2318 dem
129 2251 316 2336 provincias
346 2250 486 2334 priunum
519 2263 707 2324 occanere,
743 2246 819 2312 dein
844 2246 995 2312 desinere
1022 2267 1137 2313 versus

20 2352 245 2428 occidentem,
273 2365 329 2412 ex.
351 2367 400 2436 gr.
428 2349 463 2412 in
491 2341 742 2434 Vestrogotbia‚
766 2345 955 2426 observavi3
982 2346 1040 2414 ubi
1062 2349 1164 2420 sub-⁸

20 2450 273 2538 intelligendum
297 2463 358 2530 est,
384 2469 441 2514 eae
466 2450 564 2515 etiam
589 2467 735 2515 creseere
760 2451 795 2515 in
821 2448 1011 2538 regionibus
1035 2451 1137 2520 inter-2

18 2550 223 2638 jacentibus,
270 2553 366 2640 idque
414 2569 454 2617 eo
493 2554 660 2638 copiosius
701 2551 756 2617 vel
791 2555 939 2640 parcius,
983 2571 1048 2643 quo
1085 2553 1136 2620 illi

23 2655 80 2720 vel
105 2653 180 2720 huic
205 2651 265 2718 fini
291 2655 356 2720 sint
384 2655 566 2741 propiores.
617 2653 695 2718 Alio
720 2649 818 2738 hujus
841 2657 950 2741 operis
974 2655 1051 2721 loco
1077 2675 1135 2723 ex·

24 2777 74 2844 gr.
92 2755 343 2822 inLtchenis
363 2755 720 2822 heematommati·
738 2753 936 2822 habitatione
951 2753 1150 2824 definienda·
1241 2843 1244 2851 Ι

26 2879 157 2924 sensnm
180 2857 292 2922 iorsen
315 2861 447 2924 nimium
468 2858 610 2924 breviter
628 2859 790 2944 expressi,
812 2857 1139 2928 {tolereremus

25 2957 74 3048 pli
101 2961 175 3025 loeo
209 2963 295 3024 intre
322 2957 536 3049 parentheses
568 2960 799 3047 supplendum:
837 2959 878 3025 ad
898 2958 1013 3054 littora
1035 2965 1135 3028 tomis

27 3085 99 3128 cum
136 3059 304 3127 orientalis
343 3081 447 3151 usque
480 3084 500 3129 a
529 3061 743 3150 Nonkbping
776 3061 848 3148 (per
880 3080 1009 3129 omnem
1044 3083 1135 3132 oram

27 3163 159 3231 sveciae
192 3163 432 3257 meridionalis,
470 3163 511 3230 ad
534 3165 684 3232 Sennium
709 3164 826 3252 usque)
856 3157 927 3232 'tum
952 3165 1134 3234 occidente·

27 3267 69 3332 lis
96 3267 165 3352 (per
190 3265 416 3346 Hallandiam‚
454 3265 722 3354 Vestrogothiam
747 3263 999 3356 Babosiamqne)
1028 3283 1134 3358 usque

31 3370 69 3433 ad
95 3367 326 3436 Nordlandiam
351 3367 539 3457 Norvegiae
565 3371 662 3454 (intra
680 3389 768 3434 mure
786 3368 1041 3456 septentrionale
1062 3375 1134 3440 rive

32 3469 160 3555 glaciale
186 3473 311 3560 sitem);
338 3486 481 3538 ceterum
506 3471 626 3537 sterilis
649 3469 801 3560 (ubique,
825 3493 885 3538 uec
909 3469 1040 3560 fertilis)
1067 3475 1134 3540 nisi

33 3573 66 3636 in
89 3585 156 3637 cote
189 3587 250 3642 etc.
302 3573 537 3659 NiriLectori
565 3571 732 3640 Benevola
760 3593 893 3640 sensum
918 3577 1072 3643 auctoris¹
1086 3577 1135 3640 ita
1231 3565 1237 3576 ⁸

35 3677 199 3740 secundum
235 3677 302 3744 loci
331 3680 487 3766 geniique
519 3676 741 3742 diversitatem
773 3675 926 3762 supplere
960 3691 1133 3743 atemere

33 3771 200 3862 placuerit,
241 3781 350 3846 omnis
387 3781 458 3848 lere
484 3775 579 3844 labor
616 3781 652 3844 in
681 3777 742 3844 hac
770 3799 808 3842 re
836 3780 948 3845 irritus
978 3781 1050 3844 erit.
1081 3813 1132 3828 --

37 3875 126 3946 Aliae
157 3877 286 3966 plantae
318 3877 512 3971 pervarias
539 3884 724 3968 provincias
748 3882 854 3946 rarius
883 3883 1051 3970 dispersae
1078 3901 1132 3948 oc·
