<?xml version="1.0" encoding="UTF-8"?>
<!DOCTYPE html PUBLIC "-//W3C//DTD XHTML 1.0 Transitional//EN"
    "http://www.w3.org/TR/xhtml1/DTD/xhtml1-transitional.dtd">
<html xmlns="http://www.w3.org/1999/xhtml" xml:lang="en" lang="en">
 <head>
  <title>
</title>
<meta http-equiv="Content-Type" content="text/html;charset=utf-8" />
  <meta name='ocr-system' content='tesseract 3.04.00' />
  <meta name='ocr-capabilities' content='ocr_page ocr_carea ocr_par ocr_line ocrx_word'/>
</head>
<body>
  <div class='ocr_page' id='page_1' title='image "./florasvecicaenu00wahlgoog_0024.png"; bbox 0 0 2708 4682; ppageno 0'>
   <div class='ocr_carea' id='block_1_1' title="bbox 298 315 1161 374">
    <p class='ocr_par' dir='ltr' id='par_1_1' title="bbox 298 315 1161 374">
     <span class='ocr_line' id='line_1_1' title="bbox 298 315 1161 374; baseline -0.005 1"><span class='ocrx_word' id='word_1_1' title='bbox 298 315 313 328; x_wconf 78' lang='grc'><strong>“</strong></span> <span class='ocrx_word' id='word_1_2' title='bbox 424 323 574 374; x_wconf 77' lang='lat' dir='ltr'>atrro</span> <span class='ocrx_word' id='word_1_3' title='bbox 617 327 797 374; x_wconf 82' lang='lat' dir='ltr'>orsarr</span> <span class='ocrx_word' id='word_1_4' title='bbox 1114 319 1161 371; x_wconf 74' lang='lat' dir='ltr'>xv</span> 
     </span>
    </p>
   </div>
   <div class='ocr_carea' id='block_1_2' title="bbox 37 525 1258 616">
    <p class='ocr_par' dir='ltr' id='par_1_2' title="bbox 37 525 1258 616">
     <span class='ocr_line' id='line_1_2' title="bbox 37 525 1258 616; baseline -0.012 -20"><span class='ocrx_word' id='word_1_5' title='bbox 37 529 167 598; x_wconf 83' lang='lat' dir='ltr'>eodem</span> <span class='ocrx_word' id='word_1_6' title='bbox 191 529 289 595; x_wconf 87' lang='lat' dir='ltr'>modo</span> <span class='ocrx_word' id='word_1_7' title='bbox 311 542 496 616; x_wconf 83' lang='lat' dir='ltr'>comparata</span> <span class='ocrx_word' id='word_1_8' title='bbox 512 541 561 593; x_wconf 88' lang='lat' dir='ltr'>est</span> <span class='ocrx_word' id='word_1_9' title='bbox 583 528 738 616; x_wconf 76' lang='lat' dir='ltr'>sagina</span> <span class='ocrx_word' id='word_1_10' title='bbox 759 525 942 613; x_wconf 79' lang='lat' dir='ltr'>epota-la,</span> <span class='ocrx_word' id='word_1_11' title='bbox 966 547 1060 612; x_wconf 87' lang='lat' dir='ltr'>quae,</span> <span class='ocrx_word' id='word_1_12' title='bbox 1082 545 1162 612; x_wconf 60' lang='lat' dir='ltr'>qua⁴</span> <span class='ocrx_word' id='word_1_13' title='bbox 1250 553 1258 580; x_wconf 85' lang='lat' dir='ltr'>t</span> 
     </span>
    </p>
   </div>
   <div class='ocr_carea' id='block_1_3' title="bbox 41 626 1162 720">
    <p class='ocr_par' dir='ltr' id='par_1_3' title="bbox 41 626 1162 720">
     <span class='ocr_line' id='line_1_3' title="bbox 41 626 1162 720; baseline -0.002 -23"><span class='ocrx_word' id='word_1_14' title='bbox 41 637 72 697; x_wconf 83' lang='lat' dir='ltr'>si</span> <span class='ocrx_word' id='word_1_15' title='bbox 103 656 124 696; x_wconf 91' lang='lat' dir='ltr'>e</span> <span class='ocrx_word' id='word_1_16' title='bbox 152 633 329 699; x_wconf 79' lang='lat' dir='ltr'>Germania</span> <span class='ocrx_word' id='word_1_17' title='bbox 355 634 567 720; x_wconf 79' lang='lat' dir='ltr'><strong>proveniens,</strong></span> <span class='ocrx_word' id='word_1_18' title='bbox 599 633 634 698; x_wconf 88' lang='lat' dir='ltr'>in</span> <span class='ocrx_word' id='word_1_19' title='bbox 658 631 775 693; x_wconf 87' lang='lat' dir='ltr'>Scenia</span> <span class='ocrx_word' id='word_1_20' title='bbox 805 649 902 714; x_wconf 77' lang='lat' dir='ltr'>surpra</span> <span class='ocrx_word' id='word_1_21' title='bbox 926 627 1037 692; x_wconf 91' lang='lat' dir='ltr'>littora</span> <span class='ocrx_word' id='word_1_22' title='bbox 1059 626 1162 695; x_wconf 73' lang='lat' dir='ltr'>mari!</span> 
     </span>
    </p>
   </div>
   <div class='ocr_carea' id='block_1_4' title="bbox 43 727 1322 818">
    <p class='ocr_par' dir='ltr' id='par_1_4' title="bbox 43 727 1322 818">
     <span class='ocr_line' id='line_1_4' title="bbox 43 727 1322 818; baseline -0.005 -20"><span class='ocrx_word' id='word_1_23' title='bbox 43 739 112 798; x_wconf 89' lang='lat' dir='ltr'>cito</span> <span class='ocrx_word' id='word_1_24' title='bbox 149 747 296 798; x_wconf 77' lang='lat' dir='ltr'>crescere</span> <span class='ocrx_word' id='word_1_25' title='bbox 326 733 467 812; x_wconf 89' lang='lat' dir='ltr'>desistit,</span> <span class='ocrx_word' id='word_1_26' title='bbox 499 735 535 796; x_wconf 91' lang='lat' dir='ltr'>in</span> <span class='ocrx_word' id='word_1_27' title='bbox 556 735 638 818; x_wconf 89' lang='lat' dir='ltr'>ipsis</span> <span class='ocrx_word' id='word_1_28' title='bbox 667 727 963 814; x_wconf 67' lang='lat' dir='ltr'>assentatoribus</span> <span class='ocrx_word' id='word_1_29' title='bbox 986 729 1084 794; x_wconf 88' lang='lat' dir='ltr'>maris</span> <span class='ocrx_word' id='word_1_30' title='bbox 1107 749 1161 792; x_wconf 84' lang='lat' dir='ltr'>se·</span> <span class='ocrx_word' id='word_1_31' title='bbox 1207 789 1216 800; x_wconf 83' lang='grc'><strong><em>,</em></strong></span> <span class='ocrx_word' id='word_1_32' title='bbox 1321 749 1322 756; x_wconf 59' lang='grc'><strong>“</strong></span> 
     </span>
    </p>
   </div>
   <div class='ocr_carea' id='block_1_5' title="bbox 47 833 1247 922">
    <p class='ocr_par' dir='ltr' id='par_1_5' title="bbox 47 833 1247 922">
     <span class='ocr_line' id='line_1_5' title="bbox 47 833 1247 922; baseline -0.002 -24"><span class='ocrx_word' id='word_1_33' title='bbox 47 837 192 900; x_wconf 89' lang='lat' dir='ltr'>cundum</span> <span class='ocrx_word' id='word_1_34' title='bbox 217 833 346 920; x_wconf 82' lang='lat' dir='ltr'>regulas</span> <span class='ocrx_word' id='word_1_35' title='bbox 371 835 542 922; x_wconf 71' lang='lat' dir='ltr'>generales</span> <span class='ocrx_word' id='word_1_36' title='bbox 569 834 670 921; x_wconf 83' lang='lat' dir='ltr'>longe</span> <span class='ocrx_word' id='word_1_37' title='bbox 694 837 799 920; x_wconf 83' lang='lat' dir='ltr'>tnagis</span> <span class='ocrx_word' id='word_1_38' title='bbox 824 853 941 896; x_wconf 87' lang='lat' dir='ltr'>versus</span> <span class='ocrx_word' id='word_1_39' title='bbox 965 833 1161 916; x_wconf 89' lang='lat' dir='ltr'>septentrio·</span> <span class='ocrx_word' id='word_1_40' title='bbox 1233 849 1247 896; x_wconf 72' lang='lat'><em>2</em></span> 
     </span>
    </p>
   </div>
   <div class='ocr_carea' id='block_1_6' title="bbox 48 931 1335 1026">
    <p class='ocr_par' dir='ltr' id='par_1_6' title="bbox 48 931 1335 1026">
     <span class='ocr_line' id='line_1_6' title="bbox 48 931 1335 1026; baseline -0.003 -26"><span class='ocrx_word' id='word_1_41' title='bbox 48 959 123 1000; x_wconf 90' lang='lat' dir='ltr'>nem</span> <span class='ocrx_word' id='word_1_42' title='bbox 150 939 306 1022; x_wconf 78' lang='lat' dir='ltr'>procedit,</span> <span class='ocrx_word' id='word_1_43' title='bbox 330 935 440 1026; x_wconf 84' lang='lat' dir='ltr'>ibique</span> <span class='ocrx_word' id='word_1_44' title='bbox 467 934 665 1023; x_wconf 89' lang='lat' dir='ltr'>aliquantum</span> <span class='ocrx_word' id='word_1_45' title='bbox 689 949 811 1014; x_wconf 84' lang='lat' dir='ltr'>mutata</span> <span class='ocrx_word' id='word_1_46' title='bbox 837 934 891 998; x_wconf 90' lang='lat' dir='ltr'>vel</span> <span class='ocrx_word' id='word_1_47' title='bbox 919 933 961 998; x_wconf 92' lang='lat' dir='ltr'>ob</span> <span class='ocrx_word' id='word_1_48' title='bbox 983 933 1047 996; x_wconf 89' lang='lat' dir='ltr'>soli</span> <span class='ocrx_word' id='word_1_49' title='bbox 1061 931 1160 998; x_wconf 87' lang='lat' dir='ltr'>coeli·</span> <span class='ocrx_word' id='word_1_50' title='bbox 1246 952 1249 960; x_wconf 75' lang='grc'>’</span> <span class='ocrx_word' id='word_1_51' title='bbox 1333 979 1335 986; x_wconf 35' lang='lat'><strong>⁴</strong></span> 
     </span>
    </p>
   </div>
   <div class='ocr_carea' id='block_1_7' title="bbox 44 1035 1266 3802">
    <p class='ocr_par' dir='ltr' id='par_1_7' title="bbox 44 1035 1193 1735">
     <span class='ocr_line' id='line_1_7' title="bbox 48 1035 1160 1126; baseline -0.003 -26"><span class='ocrx_word' id='word_1_52' title='bbox 48 1059 110 1124; x_wconf 88' lang='lat' dir='ltr'>que</span> <span class='ocrx_word' id='word_1_53' title='bbox 134 1039 280 1104; x_wconf 87' lang='lat' dir='ltr'>indolem</span> <span class='ocrx_word' id='word_1_54' title='bbox 303 1041 409 1126; x_wconf 87' lang='lat' dir='ltr'>magis</span> <span class='ocrx_word' id='word_1_55' title='bbox 434 1042 585 1102; x_wconf 87' lang='lat' dir='ltr'>stricta</span> <span class='ocrx_word' id='word_1_56' title='bbox 607 1041 734 1117; x_wconf 89' lang='lat' dir='ltr'>evadit,</span> <span class='ocrx_word' id='word_1_57' title='bbox 759 1057 819 1102; x_wconf 86' lang='lat' dir='ltr'>nec</span> <span class='ocrx_word' id='word_1_58' title='bbox 843 1049 961 1113; x_wconf 85' lang='lat' dir='ltr'>tamen,</span> <span class='ocrx_word' id='word_1_59' title='bbox 987 1035 1160 1125; x_wconf 77' lang='lat' dir='ltr'>asuapri·</span> 
     </span>
     <span class='ocr_line' id='line_1_8' title="bbox 47 1138 1161 1230; baseline -0.004 -27"><span class='ocrx_word' id='word_1_60' title='bbox 47 1142 149 1204; x_wconf 84' lang='lat' dir='ltr'>ruaria</span> <span class='ocrx_word' id='word_1_61' title='bbox 181 1141 292 1230; x_wconf 86' lang='lat' dir='ltr'>planta</span> <span class='ocrx_word' id='word_1_62' title='bbox 322 1144 427 1227; x_wconf 83' lang='lat' dir='ltr'>magis</span> <span class='ocrx_word' id='word_1_63' title='bbox 457 1142 701 1226; x_wconf 83' lang='lat' dir='ltr'>distinguenda,</span> <span class='ocrx_word' id='word_1_64' title='bbox 738 1161 833 1227; x_wconf 88' lang='lat' dir='ltr'>quarn</span> <span class='ocrx_word' id='word_1_65' title='bbox 862 1159 888 1202; x_wconf 81' lang='lat' dir='ltr'>a</span> <span class='ocrx_word' id='word_1_66' title='bbox 911 1138 946 1201; x_wconf 79' lang='lat' dir='ltr'>S.</span> <span class='ocrx_word' id='word_1_67' title='bbox 971 1157 1161 1222; x_wconf 80' lang='lat' dir='ltr'>procum·-</span> 
     </span>
     <span class='ocr_line' id='line_1_9' title="bbox 46 1241 1161 1328; baseline -0.004 -22"><span class='ocrx_word' id='word_1_68' title='bbox 46 1241 182 1307; x_wconf 88' lang='lat' dir='ltr'>bente.</span> <span class='ocrx_word' id='word_1_69' title='bbox 235 1243 291 1308; x_wconf 86' lang='lat' dir='ltr'>Sic</span> <span class='ocrx_word' id='word_1_70' title='bbox 320 1257 467 1309; x_wconf 85' lang='lat' dir='ltr'>naturam</span> <span class='ocrx_word' id='word_1_71' title='bbox 499 1241 601 1306; x_wconf 91' lang='lat' dir='ltr'>multo</span> <span class='ocrx_word' id='word_1_72' title='bbox 633 1245 738 1328; x_wconf 85' lang='lat' dir='ltr'>magis</span> <span class='ocrx_word' id='word_1_73' title='bbox 771 1242 858 1304; x_wconf 88' lang='lat' dir='ltr'>omni</span> <span class='ocrx_word' id='word_1_74' title='bbox 886 1249 1037 1324; x_wconf 86' lang='lat' dir='ltr'>respectu</span> <span class='ocrx_word' id='word_1_75' title='bbox 1067 1241 1161 1326; x_wconf 82' lang='lat' dir='ltr'>sequi</span> 
     </span>
     <span class='ocr_line' id='line_1_10' title="bbox 47 1343 1160 1432; baseline 0 -26"><span class='ocrx_word' id='word_1_76' title='bbox 47 1344 152 1422; x_wconf 75' lang='lat' dir='ltr'>uolui,</span> <span class='ocrx_word' id='word_1_77' title='bbox 181 1365 277 1432; x_wconf 81' lang='lat' dir='ltr'>qnam</span> <span class='ocrx_word' id='word_1_78' title='bbox 300 1343 539 1409; x_wconf 77' lang='lat' dir='ltr'>characteribus</span> <span class='ocrx_word' id='word_1_79' title='bbox 564 1345 808 1429; x_wconf 80' lang='lat' dir='ltr'>praeconceptis</span> <span class='ocrx_word' id='word_1_80' title='bbox 831 1344 932 1404; x_wconf 78' lang='lat' dir='ltr'>acutis</span> <span class='ocrx_word' id='word_1_81' title='bbox 957 1363 1029 1405; x_wconf 90' lang='lat' dir='ltr'>cum</span> <span class='ocrx_word' id='word_1_82' title='bbox 1053 1344 1160 1406; x_wconf 89' lang='lat' dir='ltr'>consi·</span> 
     </span>
     <span class='ocr_line' id='line_1_11' title="bbox 44 1443 1193 1534; baseline 0 -25"><span class='ocrx_word' id='word_1_83' title='bbox 44 1448 269 1513; x_wconf 86' lang='lat' dir='ltr'>derationibus</span> <span class='ocrx_word' id='word_1_84' title='bbox 301 1445 464 1510; x_wconf 75' lang='lat' dir='ltr'>similibus</span> <span class='ocrx_word' id='word_1_85' title='bbox 495 1445 702 1532; x_wconf 83' lang='lat' dir='ltr'>generalibus</span> <span class='ocrx_word' id='word_1_86' title='bbox 735 1443 866 1518; x_wconf 88' lang='lat' dir='ltr'>luctari,</span> <span class='ocrx_word' id='word_1_87' title='bbox 902 1445 1008 1528; x_wconf 87' lang='lat' dir='ltr'>magis</span> <span class='ocrx_word' id='word_1_88' title='bbox 1039 1447 1159 1508; x_wconf 83' lang='lat' dir='ltr'>anxius</span> <span class='ocrx_word' id='word_1_89' title='bbox 1192 1529 1193 1534; x_wconf 8' lang='grc' dir='ltr'>ἵ</span> 
     </span>
     <span class='ocr_line' id='line_1_12' title="bbox 47 1545 1160 1634; baseline 0.003 -24"><span class='ocrx_word' id='word_1_90' title='bbox 47 1561 207 1613; x_wconf 81' lang='lat' dir='ltr'>scrutator</span> <span class='ocrx_word' id='word_1_91' title='bbox 233 1550 336 1612; x_wconf 86' lang='lat' dir='ltr'>totius</span> <span class='ocrx_word' id='word_1_92' title='bbox 367 1561 500 1610; x_wconf 88' lang='lat' dir='ltr'>naturae</span> <span class='ocrx_word' id='word_1_93' title='bbox 532 1569 626 1634; x_wconf 84' lang='lat' dir='ltr'>quam</span> <span class='ocrx_word' id='word_1_94' title='bbox 656 1548 696 1610; x_wconf 90' lang='lat' dir='ltr'>de</span> <span class='ocrx_word' id='word_1_95' title='bbox 723 1545 883 1610; x_wconf 82' lang='lat' dir='ltr'>industria</span> <span class='ocrx_word' id='word_1_96' title='bbox 908 1546 1028 1610; x_wconf 81' lang='lat' dir='ltr'>artifex</span> <span class='ocrx_word' id='word_1_97' title='bbox 1055 1559 1160 1628; x_wconf 77' lang='lat' dir='ltr'>systo-</span> 
     </span>
     <span class='ocr_line' id='line_1_13' title="bbox 49 1647 827 1735; baseline -0.003 -23"><span class='ocrx_word' id='word_1_98' title='bbox 49 1654 184 1712; x_wconf 90' lang='lat' dir='ltr'>maticus</span> <span class='ocrx_word' id='word_1_99' title='bbox 216 1651 251 1713; x_wconf 93' lang='lat' dir='ltr'>in</span> <span class='ocrx_word' id='word_1_100' title='bbox 276 1651 412 1712; x_wconf 87' lang='lat' dir='ltr'>scientia</span> <span class='ocrx_word' id='word_1_101' title='bbox 434 1649 641 1735; x_wconf 82' lang='lat' dir='ltr'>micrologica</span> <span class='ocrx_word' id='word_1_102' title='bbox 667 1647 827 1711; x_wconf 85' lang='lat' dir='ltr'>botanica.</span> 
     </span>
    </p>

    <p class='ocr_par' dir='ltr' id='par_1_8' title="bbox 51 1748 1266 3778">
     <span class='ocr_line' id='line_1_14' title="bbox 152 1748 1158 1836; baseline -0.001 -22"><span class='ocrx_word' id='word_1_103' title='bbox 152 1749 206 1815; x_wconf 81' lang='lat' dir='ltr'>Sic</span> <span class='ocrx_word' id='word_1_104' title='bbox 225 1755 367 1836; x_wconf 77' lang='lat' dir='ltr'>genium,</span> <span class='ocrx_word' id='word_1_105' title='bbox 393 1771 460 1814; x_wconf 89' lang='lat' dir='ltr'>non</span> <span class='ocrx_word' id='word_1_106' title='bbox 483 1763 606 1814; x_wconf 85' lang='lat' dir='ltr'>tanturn</span> <span class='ocrx_word' id='word_1_107' title='bbox 630 1749 671 1813; x_wconf 92' lang='lat' dir='ltr'>ad</span> <span class='ocrx_word' id='word_1_108' title='bbox 689 1753 816 1836; x_wconf 84' lang='lat' dir='ltr'>species</span> <span class='ocrx_word' id='word_1_109' title='bbox 838 1748 1078 1826; x_wconf 82' lang='lat' dir='ltr'>combinandas,</span> <span class='ocrx_word' id='word_1_110' title='bbox 1101 1771 1158 1814; x_wconf 86' lang='lat' dir='ltr'>vc-</span> 
     </span>
     <span class='ocr_line' id='line_1_15' title="bbox 51 1847 1157 1936; baseline 0.002 -22"><span class='ocrx_word' id='word_1_111' title='bbox 51 1855 235 1916; x_wconf 79' lang='lat' dir='ltr'>rumetiam</span> <span class='ocrx_word' id='word_1_112' title='bbox 263 1851 506 1936; x_wconf 78' lang='lat' dir='ltr'>distinguendas</span> <span class='ocrx_word' id='word_1_113' title='bbox 532 1866 564 1916; x_wconf 87' lang='lat' dir='ltr'>et</span> <span class='ocrx_word' id='word_1_114' title='bbox 583 1855 758 1916; x_wconf 82' lang='lat' dir='ltr'>varietates</span> <span class='ocrx_word' id='word_1_115' title='bbox 782 1851 981 1915; x_wconf 73' lang='lat' dir='ltr'>reducendae</span> <span class='ocrx_word' id='word_1_116' title='bbox 1005 1847 1066 1914; x_wconf 80' lang='lat' dir='ltr'>no&#39;c</span> <span class='ocrx_word' id='word_1_117' title='bbox 1089 1871 1157 1917; x_wconf 91' lang='lat' dir='ltr'>non</span> 
     </span>
     <span class='ocr_line' id='line_1_16' title="bbox 54 1951 1156 2074; baseline 0.007 -60"><span class='ocrx_word' id='word_1_118' title='bbox 54 1953 282 2037; x_wconf 75' lang='lat' dir='ltr'>disponendas,</span> <span class='ocrx_word' id='word_1_119' title='bbox 306 1953 392 2017; x_wconf 85' lang='lat' dir='ltr'>haud</span> <span class='ocrx_word' id='word_1_120' title='bbox 416 1974 530 2074; x_wconf 79' lang='lat' dir='ltr'>parum</span> <span class='ocrx_word' id='word_1_121' title='bbox 544 1952 725 2032; x_wconf 50' lang='lat' dir='ltr'>*efficacem</span> <span class='ocrx_word' id='word_1_122' title='bbox 751 1951 948 2018; x_wconf 74' lang='lat' dir='ltr'>reclusum</span> <span class='ocrx_word' id='word_1_123' title='bbox 962 1973 1036 2017; x_wconf 88' lang='lat' dir='ltr'>csse</span> <span class='ocrx_word' id='word_1_124' title='bbox 1051 1953 1156 2022; x_wconf 85' lang='lat' dir='ltr'>credi-</span> 
     </span>
     <span class='ocr_line' id='line_1_17' title="bbox 55 2051 1156 2134; baseline 0.004 -17"><span class='ocrx_word' id='word_1_125' title='bbox 55 2054 161 2118; x_wconf 89' lang='lat' dir='ltr'>derim</span> <span class='ocrx_word' id='word_1_126' title='bbox 209 2051 283 2122; x_wconf 87' lang='lat' dir='ltr'>Hoc</span> <span class='ocrx_word' id='word_1_127' title='bbox 317 2055 415 2120; x_wconf 89' lang='lat' dir='ltr'>modo</span> <span class='ocrx_word' id='word_1_128' title='bbox 443 2057 528 2120; x_wconf 80' lang='lat' dir='ltr'>uarii</span> <span class='ocrx_word' id='word_1_129' title='bbox 555 2055 775 2134; x_wconf 79' lang='lat' dir='ltr'>characteres,</span> <span class='ocrx_word' id='word_1_130' title='bbox 804 2055 1005 2120; x_wconf 83' lang='lat' dir='ltr'>differentiae</span> <span class='ocrx_word' id='word_1_131' title='bbox 1034 2069 1068 2120; x_wconf 84' lang='lat' dir='ltr'>et</span> <span class='ocrx_word' id='word_1_132' title='bbox 1095 2077 1156 2121; x_wconf 89' lang='lat' dir='ltr'>uo·</span> 
     </span>
     <span class='ocr_line' id='line_1_18' title="bbox 55 2160 1154 2246; baseline 0.006 -29"><span class='ocrx_word' id='word_1_133' title='bbox 55 2169 111 2218; x_wconf 87' lang='lat' dir='ltr'>tae·</span> <span class='ocrx_word' id='word_1_134' title='bbox 127 2171 262 2222; x_wconf 83' lang='lat' dir='ltr'>mutatae</span> <span class='ocrx_word' id='word_1_135' title='bbox 288 2171 382 2236; x_wconf 86' lang='lat' dir='ltr'>sunt,</span> <span class='ocrx_word' id='word_1_136' title='bbox 413 2163 461 2223; x_wconf 87' lang='lat' dir='ltr'>ita</span> <span class='ocrx_word' id='word_1_137' title='bbox 486 2171 539 2234; x_wconf 88' lang='lat' dir='ltr'>nt,</span> <span class='ocrx_word' id='word_1_138' title='bbox 568 2172 720 2246; x_wconf 84' lang='lat' dir='ltr'>quantum</span> <span class='ocrx_word' id='word_1_139' title='bbox 746 2171 861 2224; x_wconf 86' lang='lat' dir='ltr'>natura</span> <span class='ocrx_word' id='word_1_140' title='bbox 880 2160 1062 2244; x_wconf 86' lang='lat' dir='ltr'>permittat,</span> <span class='ocrx_word' id='word_1_141' title='bbox 1092 2179 1154 2224; x_wconf 84' lang='lat' dir='ltr'>nco</span> 
     </span>
     <span class='ocr_line' id='line_1_19' title="bbox 56 2256 1153 2346; baseline 0.009 -28"><span class='ocrx_word' id='word_1_142' title='bbox 56 2256 152 2335; x_wconf 87' lang='lat' dir='ltr'>ultra,</span> <span class='ocrx_word' id='word_1_143' title='bbox 185 2272 297 2323; x_wconf 85' lang='lat' dir='ltr'>acutae</span> <span class='ocrx_word' id='word_1_144' title='bbox 320 2258 374 2323; x_wconf 86' lang='lat' dir='ltr'>vel</span> <span class='ocrx_word' id='word_1_145' title='bbox 396 2263 620 2346; x_wconf 81' lang='lat' dir='ltr'>systematicae</span> <span class='ocrx_word' id='word_1_146' title='bbox 643 2259 764 2324; x_wconf 83' lang='lat' dir='ltr'>liant.</span> <span class='ocrx_word' id='word_1_147' title='bbox 785 2259 908 2326; x_wconf 88' lang='lat' dir='ltr'>Omnes</span> <span class='ocrx_word' id='word_1_148' title='bbox 932 2259 1015 2325; x_wconf 84' lang='lat' dir='ltr'>tales</span> <span class='ocrx_word' id='word_1_149' title='bbox 1039 2261 1153 2328; x_wconf 77' lang='lat' dir='ltr'>distin·</span> 
     </span>
     <span class='ocr_line' id='line_1_20' title="bbox 60 2361 1154 2450; baseline 0.009 -31"><span class='ocrx_word' id='word_1_150' title='bbox 60 2361 177 2424; x_wconf 78' lang='lat' dir='ltr'>ctiones</span> <span class='ocrx_word' id='word_1_151' title='bbox 204 2363 351 2442; x_wconf 84' lang='lat' dir='ltr'>iuventas</span> <span class='ocrx_word' id='word_1_152' title='bbox 380 2375 413 2424; x_wconf 89' lang='lat' dir='ltr'>et</span> <span class='ocrx_word' id='word_1_153' title='bbox 440 2363 639 2426; x_wconf 86' lang='lat' dir='ltr'>introductas</span> <span class='ocrx_word' id='word_1_154' title='bbox 670 2383 762 2442; x_wconf 86' lang='lat' dir='ltr'>esse,</span> <span class='ocrx_word' id='word_1_155' title='bbox 796 2376 831 2427; x_wconf 91' lang='lat' dir='ltr'>ut</span> <span class='ocrx_word' id='word_1_156' title='bbox 854 2375 1070 2450; x_wconf 76' lang='lat' dir='ltr'>cognoscetur</span> <span class='ocrx_word' id='word_1_157' title='bbox 1096 2385 1154 2429; x_wconf 83' lang='lat' dir='ltr'>ua·</span> 
     </span>
     <span class='ocr_line' id='line_1_21' title="bbox 62 2463 1155 2552; baseline 0.01 -32"><span class='ocrx_word' id='word_1_158' title='bbox 62 2469 143 2537; x_wconf 88' lang='lat' dir='ltr'>tura,</span> <span class='ocrx_word' id='word_1_159' title='bbox 174 2481 235 2526; x_wconf 91' lang='lat' dir='ltr'>non</span> <span class='ocrx_word' id='word_1_160' title='bbox 265 2483 344 2528; x_wconf 89' lang='lat' dir='ltr'>vero</span> <span class='ocrx_word' id='word_1_161' title='bbox 371 2476 408 2526; x_wconf 89' lang='lat' dir='ltr'>ut</span> <span class='ocrx_word' id='word_1_162' title='bbox 438 2463 539 2528; x_wconf 81' lang='lat' dir='ltr'>multa</span> <span class='ocrx_word' id='word_1_163' title='bbox 569 2485 691 2549; x_wconf 81' lang='lat' dir='ltr'>genera</span> <span class='ocrx_word' id='word_1_164' title='bbox 716 2480 750 2530; x_wconf 91' lang='lat' dir='ltr'>et</span> <span class='ocrx_word' id='word_1_165' title='bbox 777 2467 904 2552; x_wconf 83' lang='lat' dir='ltr'>species</span> <span class='ocrx_word' id='word_1_166' title='bbox 932 2464 1066 2544; x_wconf 85' lang='lat' dir='ltr'>fierent,</span> <span class='ocrx_word' id='word_1_167' title='bbox 1095 2465 1155 2531; x_wconf 88' lang='lat' dir='ltr'>de·</span> 
     </span>
     <span class='ocr_line' id='line_1_22' title="bbox 60 2557 1154 2660; baseline 0.014 -39"><span class='ocrx_word' id='word_1_168' title='bbox 60 2557 181 2626; x_wconf 88' lang='lat' dir='ltr'>claravit</span> <span class='ocrx_word' id='word_1_169' title='bbox 210 2585 320 2630; x_wconf 82' lang='lat' dir='ltr'>earnm</span> <span class='ocrx_word' id='word_1_170' title='bbox 346 2567 498 2631; x_wconf 86' lang='lat' dir='ltr'>inventor</span> <span class='ocrx_word' id='word_1_171' title='bbox 526 2565 701 2646; x_wconf 83' lang='lat' dir='ltr'>Linneeus,</span> <span class='ocrx_word' id='word_1_172' title='bbox 735 2581 768 2634; x_wconf 88' lang='lat' dir='ltr'>et</span> <span class='ocrx_word' id='word_1_173' title='bbox 800 2565 886 2633; x_wconf 89' lang='lat' dir='ltr'>ultra</span> <span class='ocrx_word' id='word_1_174' title='bbox 911 2573 1006 2656; x_wconf 78' lang='lat' dir='ltr'>quiam</span> <span class='ocrx_word' id='word_1_175' title='bbox 1020 2566 1088 2660; x_wconf 84' lang='lat' dir='ltr'>ille</span> <span class='ocrx_word' id='word_1_176' title='bbox 1115 2569 1154 2636; x_wconf 85' lang='lat' dir='ltr'>in</span> 
     </span>
     <span class='ocr_line' id='line_1_23' title="bbox 62 2661 1152 2755; baseline 0.014 -33"><span class='ocrx_word' id='word_1_177' title='bbox 62 2661 271 2750; x_wconf 83' lang='lat' dir='ltr'>distinguendo</span> <span class='ocrx_word' id='word_1_178' title='bbox 295 2686 488 2753; x_wconf 78' lang='lat' dir='ltr'>progressus</span> <span class='ocrx_word' id='word_1_179' title='bbox 512 2680 580 2746; x_wconf 92' lang='lat' dir='ltr'>est,</span> <span class='ocrx_word' id='word_1_180' title='bbox 603 2671 756 2755; x_wconf 83' lang='lat' dir='ltr'>progredi</span> <span class='ocrx_word' id='word_1_181' title='bbox 776 2669 881 2749; x_wconf 83' lang='lat' dir='ltr'>velle,</span> <span class='ocrx_word' id='word_1_182' title='bbox 904 2689 1076 2736; x_wconf 87' lang='lat' dir='ltr'>erroneum</span> <span class='ocrx_word' id='word_1_183' title='bbox 1090 2684 1152 2738; x_wconf 77' lang='lat' dir='ltr'>ert.</span> 
     </span>
     <span class='ocr_line' id='line_1_24' title="bbox 61 2758 1154 2854; baseline 0.012 -29"><span class='ocrx_word' id='word_1_184' title='bbox 61 2758 146 2842; x_wconf 85' lang='lat' dir='ltr'>Heio,</span> <span class='ocrx_word' id='word_1_185' title='bbox 169 2765 222 2832; x_wconf 92' lang='lat' dir='ltr'>ubi</span> <span class='ocrx_word' id='word_1_186' title='bbox 246 2769 362 2834; x_wconf 82' lang='lat' dir='ltr'>modus</span> <span class='ocrx_word' id='word_1_187' title='bbox 386 2781 420 2832; x_wconf 81' lang='lat' dir='ltr'>ot</span> <span class='ocrx_word' id='word_1_188' title='bbox 443 2772 560 2854; x_wconf 80' lang='lat' dir='ltr'>genius</span> <span class='ocrx_word' id='word_1_189' title='bbox 577 2773 775 2837; x_wconf 70' lang='lat' dir='ltr'>hunuanus</span> <span class='ocrx_word' id='word_1_190' title='bbox 799 2771 958 2852; x_wconf 87' lang='lat' dir='ltr'>subsistit,</span> <span class='ocrx_word' id='word_1_191' title='bbox 981 2773 1077 2839; x_wconf 87' lang='lat' dir='ltr'>ctiam</span> <span class='ocrx_word' id='word_1_192' title='bbox 1091 2793 1154 2838; x_wconf 81' lang='lat' dir='ltr'>no-</span> 
     </span>
     <span class='ocr_line' id='line_1_25' title="bbox 61 2860 1151 2950; baseline 0.016 -23"><span class='ocrx_word' id='word_1_193' title='bbox 61 2860 106 2927; x_wconf 85' lang='lat' dir='ltr'>bit</span> <span class='ocrx_word' id='word_1_194' title='bbox 138 2867 384 2947; x_wconf 85' lang='lat' dir='ltr'>subsistendum,</span> <span class='ocrx_word' id='word_1_195' title='bbox 415 2873 616 2938; x_wconf 86' lang='lat' dir='ltr'>crediderim.</span> <span class='ocrx_word' id='word_1_196' title='bbox 669 2871 735 2950; x_wconf 81' lang='lat' dir='ltr'>Qui</span> <span class='ocrx_word' id='word_1_197' title='bbox 759 2889 867 2940; x_wconf 89' lang='lat' dir='ltr'>autem</span> <span class='ocrx_word' id='word_1_198' title='bbox 894 2890 1040 2940; x_wconf 87' lang='lat' dir='ltr'>naturam</span> <span class='ocrx_word' id='word_1_199' title='bbox 1061 2879 1151 2944; x_wconf 89' lang='lat' dir='ltr'>omni</span> 
     </span>
     <span class='ocr_line' id='line_1_26' title="bbox 62 2957 1151 3066; baseline 0.014 -38"><span class='ocrx_word' id='word_1_200' title='bbox 62 2957 157 3033; x_wconf 77' lang='lat' dir='ltr'>studid</span> <span class='ocrx_word' id='word_1_201' title='bbox 180 2975 306 3062; x_wconf 80' lang='lat' dir='ltr'>assequi</span> <span class='ocrx_word' id='word_1_202' title='bbox 328 2976 433 3059; x_wconf 88' lang='lat' dir='ltr'>cupit,</span> <span class='ocrx_word' id='word_1_203' title='bbox 462 2977 496 3038; x_wconf 93' lang='lat' dir='ltr'>in</span> <span class='ocrx_word' id='word_1_204' title='bbox 518 2975 593 3040; x_wconf 87' lang='lat' dir='ltr'>aliis</span> <span class='ocrx_word' id='word_1_205' title='bbox 616 2975 698 3040; x_wconf 86' lang='lat' dir='ltr'>locis</span> <span class='ocrx_word' id='word_1_206' title='bbox 721 2974 774 3040; x_wconf 82' lang='lat' dir='ltr'>vel</span> <span class='ocrx_word' id='word_1_207' title='bbox 795 2975 925 3042; x_wconf 83' lang='lat' dir='ltr'>ensibus</span> <span class='ocrx_word' id='word_1_208' title='bbox 943 2977 1035 3042; x_wconf 79' lang='lat' dir='ltr'>aliter</span> <span class='ocrx_word' id='word_1_209' title='bbox 1050 2999 1151 3066; x_wconf 78' lang='lat' dir='ltr'>saepe</span> 
     </span>
     <span class='ocr_line' id='line_1_27' title="bbox 64 3075 1151 3166; baseline 0.017 -37"><span class='ocrx_word' id='word_1_210' title='bbox 64 3081 138 3153; x_wconf 83' lang='lat' dir='ltr'>agat,</span> <span class='ocrx_word' id='word_1_211' title='bbox 158 3093 282 3140; x_wconf 85' lang='lat' dir='ltr'>necesse</span> <span class='ocrx_word' id='word_1_212' title='bbox 307 3088 367 3142; x_wconf 85' lang='lat' dir='ltr'>est.</span> <span class='ocrx_word' id='word_1_213' title='bbox 407 3075 463 3142; x_wconf 84' lang='lat' dir='ltr'>Sic</span> <span class='ocrx_word' id='word_1_214' title='bbox 485 3091 541 3142; x_wconf 83' lang='lat' dir='ltr'>ex.</span> <span class='ocrx_word' id='word_1_215' title='bbox 565 3101 615 3165; x_wconf 83' lang='lat' dir='ltr'>gr.</span> <span class='ocrx_word' id='word_1_216' title='bbox 635 3092 806 3166; x_wconf 81' lang='lat' dir='ltr'>postquem</span> <span class='ocrx_word' id='word_1_217' title='bbox 827 3083 912 3145; x_wconf 87' lang='lat' dir='ltr'>inter</span> <span class='ocrx_word' id='word_1_218' title='bbox 933 3078 1151 3165; x_wconf 82' lang='lat' dir='ltr'>lllyosotides,</span> 
     </span>
     <span class='ocr_line' id='line_1_28' title="bbox 63 3165 1266 3278; baseline 0.015 -47"><span class='ocrx_word' id='word_1_219' title='bbox 63 3165 212 3240; x_wconf 85' lang='lat' dir='ltr'>Verbasca</span> <span class='ocrx_word' id='word_1_220' title='bbox 235 3191 314 3256; x_wconf 63' lang='lat' dir='ltr'>etot,</span> <span class='ocrx_word' id='word_1_221' title='bbox 339 3179 375 3245; x_wconf 91' lang='lat' dir='ltr'>in</span> <span class='ocrx_word' id='word_1_222' title='bbox 400 3178 518 3266; x_wconf 85' lang='lat' dir='ltr'>quibus</span> <span class='ocrx_word' id='word_1_223' title='bbox 541 3195 676 3246; x_wconf 85' lang='lat' dir='ltr'>naturae</span> <span class='ocrx_word' id='word_1_224' title='bbox 701 3201 895 3268; x_wconf 81' lang='lat' dir='ltr'>progressus</span> <span class='ocrx_word' id='word_1_225' title='bbox 918 3184 1051 3272; x_wconf 83' lang='lat' dir='ltr'>evidens</span> <span class='ocrx_word' id='word_1_226' title='bbox 1075 3203 1162 3278; x_wconf 40' lang='lat' dir='ltr'>essen</span> <span class='ocrx_word' id='word_1_227' title='bbox 1261 3227 1266 3242; x_wconf 84' lang='lat'><strong><em>.</em></strong></span> 
     </span>
     <span class='ocr_line' id='line_1_29' title="bbox 64 3271 1150 3372; baseline 0.017 -40"><span class='ocrx_word' id='word_1_228' title='bbox 64 3271 191 3354; x_wconf 85' lang='lat' dir='ltr'>videtur,</span> <span class='ocrx_word' id='word_1_229' title='bbox 221 3279 329 3366; x_wconf 86' lang='lat' dir='ltr'>plures</span> <span class='ocrx_word' id='word_1_230' title='bbox 353 3284 481 3368; x_wconf 83' lang='lat' dir='ltr'>species</span> <span class='ocrx_word' id='word_1_231' title='bbox 504 3304 670 3350; x_wconf 84' lang='lat' dir='ltr'>assumere</span> <span class='ocrx_word' id='word_1_232' title='bbox 696 3305 762 3349; x_wconf 91' lang='lat' dir='ltr'>non</span> <span class='ocrx_word' id='word_1_233' title='bbox 784 3289 894 3370; x_wconf 90' lang='lat' dir='ltr'>potui,</span> <span class='ocrx_word' id='word_1_234' title='bbox 927 3287 1012 3350; x_wconf 82' lang='lat' dir='ltr'>inter</span> <span class='ocrx_word' id='word_1_235' title='bbox 1037 3285 1150 3372; x_wconf 89' lang='lat' dir='ltr'>Epilo-</span> 
     </span>
     <span class='ocr_line' id='line_1_30' title="bbox 64 3369 1150 3478; baseline 0.016 -41"><span class='ocrx_word' id='word_1_236' title='bbox 64 3369 123 3452; x_wconf 86' lang='lat' dir='ltr'>bia,</span> <span class='ocrx_word' id='word_1_237' title='bbox 154 3375 311 3452; x_wconf 84' lang='lat' dir='ltr'>Nasturtia</span> <span class='ocrx_word' id='word_1_238' title='bbox 341 3397 403 3448; x_wconf 90' lang='lat' dir='ltr'>etc.</span> <span class='ocrx_word' id='word_1_239' title='bbox 438 3381 539 3473; x_wconf 81' lang='lat' dir='ltr'>longe</span> <span class='ocrx_word' id='word_1_240' title='bbox 572 3383 739 3452; x_wconf 86' lang='lat' dir='ltr'>liberalior</span> <span class='ocrx_word' id='word_1_241' title='bbox 763 3385 828 3467; x_wconf 80' lang='lat' dir='ltr'>sui,¹</span> <span class='ocrx_word' id='word_1_242' title='bbox 859 3389 934 3478; x_wconf 86' lang='lat' dir='ltr'>quia</span> <span class='ocrx_word' id='word_1_243' title='bbox 963 3383 1010 3456; x_wconf 89' lang='lat' dir='ltr'>ibi</span> <span class='ocrx_word' id='word_1_244' title='bbox 1037 3388 1150 3454; x_wconf 85' lang='lat' dir='ltr'>evolu-</span> 
     </span>
     <span class='ocr_line' id='line_1_31' title="bbox 67 3471 1150 3574; baseline 0.018 -38"><span class='ocrx_word' id='word_1_245' title='bbox 67 3471 150 3542; x_wconf 83' lang='lat' dir='ltr'>tionir</span> <span class='ocrx_word' id='word_1_246' title='bbox 178 3484 269 3552; x_wconf 85' lang='lat' dir='ltr'>series</span> <span class='ocrx_word' id='word_1_247' title='bbox 292 3487 400 3574; x_wconf 76' lang='lat' dir='ltr'>magis</span> <span class='ocrx_word' id='word_1_248' title='bbox 430 3502 571 3554; x_wconf 78' lang='lat' dir='ltr'>extensa</span> <span class='ocrx_word' id='word_1_249' title='bbox 595 3487 783 3568; x_wconf 85' lang='lat' dir='ltr'>videbatur,</span> <span class='ocrx_word' id='word_1_250' title='bbox 814 3491 862 3556; x_wconf 85' lang='lat' dir='ltr'>ita</span> <span class='ocrx_word' id='word_1_251' title='bbox 885 3505 922 3556; x_wconf 91' lang='grc' dir='ltr'>ιιι</span> <span class='ocrx_word' id='word_1_252' title='bbox 945 3493 1150 3558; x_wconf 87' lang='lat' dir='ltr'>intersectio-</span> 
     </span>
     <span class='ocr_line' id='line_1_32' title="bbox 67 3579 1148 3668; baseline 0.014 -26"><span class='ocrx_word' id='word_1_253' title='bbox 67 3593 116 3642; x_wconf 77' lang='grc' dir='ltr'>ιιι</span> <span class='ocrx_word' id='word_1_254' title='bbox 138 3579 236 3666; x_wconf 88' lang='lat' dir='ltr'>plures</span> <span class='ocrx_word' id='word_1_255' title='bbox 257 3589 473 3668; x_wconf 87' lang='lat' dir='ltr'>admittantur,</span> <span class='ocrx_word' id='word_1_256' title='bbox 500 3590 584 3659; x_wconf 89' lang='lat' dir='ltr'>nulli</span> <span class='ocrx_word' id='word_1_257' title='bbox 609 3604 673 3658; x_wconf 85' lang='lat' dir='ltr'>tem</span> <span class='ocrx_word' id='word_1_258' title='bbox 696 3593 840 3660; x_wconf 88' lang='lat' dir='ltr'>evidenti</span> <span class='ocrx_word' id='word_1_259' title='bbox 864 3607 999 3667; x_wconf 85' lang='lat' dir='ltr'>naturae</span> <span class='ocrx_word' id='word_1_260' title='bbox 1025 3595 1148 3658; x_wconf 88' lang='lat' dir='ltr'>indicio</span> 
     </span>
     <span class='ocr_line' id='line_1_33' title="bbox 68 3687 1146 3802; baseline 0.015 -56"><span class='ocrx_word' id='word_1_261' title='bbox 68 3697 264 3780; x_wconf 78' lang='lat' dir='ltr'>repugnantes</span> <span class='ocrx_word' id='word_1_262' title='bbox 315 3687 383 3768; x_wconf 78' lang='lat' dir='ltr'>Qut</span> <span class='ocrx_word' id='word_1_263' title='bbox 413 3707 521 3757; x_wconf 88' lang='lat' dir='ltr'>autem</span> <span class='ocrx_word' id='word_1_264' title='bbox 555 3716 623 3760; x_wconf 88' lang='lat' dir='ltr'>rem</span> <span class='ocrx_word' id='word_1_265' title='bbox 650 3695 711 3763; x_wconf 89' lang='lat' dir='ltr'>hoc</span> <span class='ocrx_word' id='word_1_266' title='bbox 740 3695 816 3802; x_wconf 84' lang='lat' dir='ltr'>loco</span> <span class='ocrx_word' id='word_1_267' title='bbox 842 3695 936 3762; x_wconf 83' lang='lat' dir='ltr'>aliter</span> <span class='ocrx_word' id='word_1_268' title='bbox 947 3699 1146 3783; x_wconf 76' lang='lat' dir='ltr'>inueniunt,</span> 
     </span>
    </p>
   </div>
   <div class='ocr_carea' id='block_1_8' title="bbox 68 3793 564 3872">
    <p class='ocr_par' dir='ltr' id='par_1_9' title="bbox 68 3793 564 3872">
     <span class='ocr_line' id='line_1_34' title="bbox 68 3793 564 3872; baseline 0.039 -27"><span class='ocrx_word' id='word_1_269' title='bbox 68 3799 151 3848; x_wconf 83' lang='lat' dir='ltr'>eme</span> <span class='ocrx_word' id='word_1_270' title='bbox 175 3793 291 3872; x_wconf 81' lang='lat' dir='ltr'>tninitue</span> <span class='ocrx_word' id='word_1_271' title='bbox 317 3793 564 3866; x_wconf 86' lang='lat' dir='ltr'>accusabuntur.</span> 
     </span>
    </p>
   </div>
   <div class='ocr_carea' id='block_1_9' title="bbox 0 0 1358 4682">
    <p class='ocr_par' dir='ltr' id='par_1_10' title="bbox 0 0 1358 4682">
     <span class='ocr_line' id='line_1_35' title="bbox 0 0 1358 4682; baseline 0 0"><span class='ocrx_word' id='word_1_272' title='bbox 0 0 1358 4682; x_wconf 95' lang='lat' dir='ltr'> </span> 
     </span>
    </p>
   </div>
  </div>
 </body>
</html>
