2708 4682
302 390 633 438 GONR'FEGTUS
685 391 843 438 ΜΕΝ
1027 385 1136 433 ΧΙΝΙιῑῖ

13 581 189 640 introrsum
226 594 342 640 versus
373 589 518 640 centrum
550 574 603 640 vel
637 591 761 662 partem
789 595 880 638 snam
907 556 1123 660 principalem

13 682 146 763 regiona
186 681 291 763 magis
325 681 497 763 campestri
527 679 701 763 gaudeant.
761 679 816 742 Sic
851 693 952 742 totum
985 695 1124 763 ragnum

13 780 248 868 quodammodo
274 783 474 866 variegatam
497 802 540 845 ne
562 783 666 860 dicam
687 780 881 845 assolatum·
895 781 1012 856 evadit,
1038 779 1125 844 lirni-

13 883 98 948 tibus
122 881 175 948 vel
199 883 440 968 dissepimentis
462 880 536 968 plus
559 886 666 948 minus
688 871 765 947 latis
790 882 842 946 vel
863 883 1013 946 extensis
1031 883 1127 967 quasi

13 985 146 1051 totidem
172 989 387 1070 exceptiones
414 982 454 1048 ab
481 985 593 1049 indole
619 987 830 1072 progressiva
856 983 1001 1070 regulari
1026 973 1127 1069 vagess

13 1081 145 1151 tationis
175 1083 400 1152 efficientibus.
429 1083 557 1150 'Etiam
582 1085 665 1152 hane
694 1085 743 1152 obs
761 1107 891 1151 oausam
918 1087 1024 1150 diotae
1050 1105 1127 1171 pro·

13 1191 138 1257 vinciae
170 1211 269 1253 sensu
303 1209 432 1276 quoque
460 1185 619 1252 Botanioo
645 1187 741 1253 valde
769 1186 997 1254 memorabiles
1022 1185 1144 1266 liunt97

13 1313 146 1377 quarum
171 1290 421 1378 inaequalitates
450 1292 538 1353 intra
562 1291 719 1354 terminos
743 1290 965 1372 generalitates
994 1303 1126 1374 vagata·
1161 1303 1163 1312 '

13 1395 112 1456 tionis
138 1395 304 1478 respicere
325 1390 503 1465 voluimus,
526 1391 655 1476 quaudo
682 1392 718 1454 in
745 1411 844 1475 opere
868 1404 981 1454 nostro
1004 1391 1126 1479 ubique
1184 1425 1186 1434 ν

13 1493 113 1558 locuti
144 1515 257 1560 sumus
290 1493 330 1557 da
358 1489 549 1578 regionibus
580 1495 685 1578 magis
719 1494 878 1556 montosis
908 1492 1017 1578 (quam
1041 1513 1127 1557 oam-

13 1593 189 1682 pastrihus)
229 1592 285 1658 vel
316 1596 388 1656 viae
423 1614 528 1658 versa.
586 1590 632 1658 Ut
663 1608 771 1658 autem
804 1616 874 1658 rem
905 1607 1060 1682 quantum
1091 1598 1128 1658 in

13 1719 136 1782 genera
169 1695 244 1760 fieri
266 1707 375 1780 potest
400 1698 598 1760 exactiorem
623 1696 812 1774 reddamus,
839 1699 909 1782 jam
931 1693 1044 1782 paullo
1071 1697 1129 1760 de·

13 1797 210 1875 finiendum,
243 1798 328 1884 quod
352 1819 423 1862 curn
448 1796 501 1861 his
522 1796 654 1885 illisque
678 1799 773 1862 dictis
798 1797 1045 1884 intelligendum
1069 1819 1127 1862 ve-

13 1899 124 1977 limus,
151 1903 342 1985 praesertim
366 1921 438 1964 aum
462 1898 524 1962 hae
549 1900 831 1993 denominationes
860 1899 954 1966 valde
968 1888 1127 1989 relativae

13 2015 89 2066 runt
118 2013 151 2065 et
178 2004 212 2066 iu
233 2004 334 2066 variis
360 2003 458 2078 terris
477 2002 571 2066 vario
593 2003 692 2066 modo
707 2003 873 2090 graduque
888 2001 1127 2070 modificantur.

13 2103 108 2189 Apud
132 2105 255 2169 nosiu
281 2102 399 2168 Sveoie
418 2104 528 2168 media
553 2116 586 2166 et
606 2101 810 2180 assuefieri,
836 2103 893 2167 ubi
917 2119 1045 2168 montes
1068 2105 1128 2170 alti

13 2209 144 2272 omnino
168 2204 253 2270 nulli
279 2219 366 2281 sunt,
394 2218 583 2268 montosa
614 2205 677 2268 diei
699 2219 809 2291 potest
818 2217 876 2268 ex.
891 2227 940 2291 gr.
955 2209 1128 2291 congeries

13 2308 68 2372 uta
94 2310 360 2383 eminentiam,
391 2327 474 2392 quae
497 2305 690 2370 Sveaiam
720 2328 793 2392 per
818 2330 861 2372 se
889 2329 909 2372 a
936 2305 1056 2373 Gothia
1080 2309 1130 2373 di·

13 2411 149 2493 stingvit
170 2423 204 2472 et
225 2411 364 2494 primum
389 2407 513 2492 sylvam
540 2407 745 2474 Kolmorden
771 2411 858 2480 iuter
882 2407 1129 2497 Ostrogothiam
1199 2487 1202 2500 Ι

13 2525 44 2576 at
66 2511 334 2575 Sudermanniam
355 2513 524 2576 constituit
550 2523 583 2575 et
607 2533 689 2598 quae
713 2511 790 2576 inde
803 2515 1127 2601 continuaturusque

13 2617 43 2677 in
75 2610 224 2678 Tireden
263 2616 349 2680 iuter
381 2611 549 2678 Nerioiam
587 2627 621 2678 et
650 2611 920 2701 Vestrogothiam
950 2628 1047 2702 atque
1077 2628 1129 2680 ut·
1191 2661 1194 2673 .

13 2715 186 2800 plurimum
227 2717 356 2780 circiter
388 2715 566 2800 300ped.
600 2717 700 2801 paris.
733 2738 832 2802 supra
865 2737 955 2780 mare
987 2719 1147 2802 attingit„

13 2815 77 2882 Ubi
99 2815 153 2884 his
176 2819 323 2883 minores
347 2830 471 2882 tanturn
497 2820 693 2884 eminentiae
718 2819 853 2898 adsunt,
877 2821 971 2906 regio
998 2819 1129 2907 quidem

13 2941 76 2984 non
105 2923 259 3007 propriae
284 2931 453 2998 montosa,
485 2920 543 2983 aad
567 2933 718 3007 respectu
744 2919 882 2986 aliorum
910 2921 1058 2988 locorum
1079 2925 1151 2986 vin

13 3026 159 3088 tinorum
188 3023 293 3108 magis
311 3035 471 3086 montosa
495 3021 605 3109 (quam
631 3025 834 3112 campestris)
861 3024 990 3102 dieitur,
1020 3037 1053 3089 et
1079 3038 1128 3089 ta-

13 3127 58 3190 les
88 3139 166 3190 runt
193 3125 342 3212 plerique
369 3125 490 3192 limites
514 3127 601 3189 inter
622 3137 752 3191 nostras
775 3111 1002 3214 singulasvel
1023 3127 1130 3192 mino·
1154 3192 1157 3202 ,

13 3251 61 3292 ras
98 3229 296 3314 provincias.
335 3227 414 3292 Hie
446 3240 555 3291 tamen
580 3223 818 3293 observandum
847 3228 959 3316 plures
984 3232 1153 3296 ominem.

13 3333 72 3394 tias
101 3329 156 3395 vel
185 3329 375 3399 altitudines
401 3341 632 3404 coacervatas„
659 3335 804 3416 quamvis
830 3330 941 3416 paullo
966 3336 1128 3417 minores,

13 3435 116 3516 magis
159 3431 288 3498 effieere
334 3433 376 3497 ad
414 3435 655 3518 vqetetionam
694 3429 878 3499 raontosam
911 3433 1128 3520 reddendam,

13 3555 108 3620 qnam
136 3555 236 3601 ιιιιιιιιι
268 3534 448 3600 alterumve
477 3553 630 3599 cacumen
659 3539 763 3622 magis
790 3549 973 3622 reparatum
1004 3551 1037 3601 et
1063 3539 1129 3602 dis.

13 3648 145 3714 aretum,
171 3659 364 3726 quamquam
388 3636 589 3726 aliquantum
614 3637 722 3702 altius.
761 3639 866 3704 Etiam
891 3641 919 3702 si
941 3638 1129 3708 altitudines

13 3737 208 3825 planitiebus
238 3742 431 3829 praesertim
457 3742 627 3806 maritimis
650 3731 821 3807 immixtae
848 3739 901 3806 vol
928 3743 1129 3826 interruptae

13 3853 99 3918 arnt,
130 3861 171 3904 eo
193 3846 299 3908 minus
323 3844 388 3910 hoa
409 3857 560 3929 respectu
575 3843 695 3932 valam.
731 3845 786 3908 Sia
811 3827 867 3910 orl.
882 3865 931 3928 gr.
947 3847 1038 3928 ragio
1054 3843 1130 3914 (ιιι.

13 3946 183 4010 nariausis
208 3946 471 4030 septentrionalis
496 3969 595 4033 snpra
610 3945 800 4021 Vestorvilt,
827 3967 910 4031 qrrae
931 3945 1041 4012 miritis
1057 3958 1129 4018 ost.
