2708 4682
101 329 104 346 Ι
202 359 334 422 'xxvrrr
516 343 851 420 conrrro'rur
903 369 1059 418 arunt
1111 383 1126 442 3

228 557 341 624 herbis
364 555 485 636 salsina
505 554 720 643 Atriplieibur
746 569 825 632 ete.;
855 575 916 624 nee
940 566 1054 642 perum
1078 555 1240 641 ejusdem
1263 557 1295 618 in

165 658 167 666 ’
225 659 270 727 lis
296 673 348 728 eet
373 663 514 747 apetium
537 659 621 725 illud
645 662 750 745 magis
778 671 925 745 apertum
949 679 1053 746 arque
1077 659 1119 722 ad
1141 655 1302 722 Bornbol

227 763 484 829 Arundiuem
514 759 713 828 balticum
746 759 902 827 efficiens.
952 759 987 848 b)
1017 761 1124 846 Supra
1146 759 1275 826 bano'

174 895 183 907 ι
226 866 294 932 lam
307 867 334 950 ”)
366 887 444 931 vero
471 885 576 951 usque
605 865 647 930 ed
667 863 875 931 Gotluudiam
898 863 1058 928 latissima
1080 876 1174 949 petet
1201 885 1280 950 pare
1305 877 1342 926 ret

227 971 294 1034 tius
325 969 426 1033 meris
450 964 640 1046 orientalia,
672 979 786 1053 utpote
811 987 894 1054 quae
925 965 1127 1032 uBoruroie
1150 971 1341 1052 praesertin?

227 1073 264 1136 iu
284 1071 403 1135 ’ninum
431 1067 542 1146 illum,
569 1061 663 1133 ¹iuter
687 1069 838 1134 Soeniem
862 1067 1054 1135 orientalem
1079 1082 1113 1133 et
1137 1057 1342 1154 lllelringiar

187 1213 193 1220 -
232 1173 455 1250 alsemannum,
493 1183 583 1234 tauto
615 1174 737 1256 impetu
766 1173 847 1250 ruit,
885 1183 922 1236 ut
949 1170 996 1237 ibi
1022 1173 1220 1237 aderitum
1247 1171 1341 1238 florui

146 1301 156 1323 0
228 1279 283 1342 nie
313 1270 444 1362 Helgei
468 1275 605 1339 maximi
634 1273 774 1338 evadant
795 1287 922 1340 mouter
945 1287 1115 1362 syrtenque
1143 1296 1269 1338 arenae
1293 1263 1342 1348 roi

229 1375 332 1444 latilia
362 1378 462 1442 totius
496 1377 590 1462 regni
621 1375 759 1456 Florae,
798 1397 880 1464 quos
915 1389 1022 1441 tumen
1055 1375 1097 1442 ob
1126 1375 1311 1441 calorem·
1303 1399 1339 1440 ιι

230 1481 359 1568 signem
393 1480 584 1544 interiorem
615 1500 734 1544 arenae
766 1483 849 1544 mire
880 1477 1057 1545 leetifioeut
1088 1469 1342 1566 Astragalu.

231 1583 475 1670 arenarius,
497 1577 706 1645 Diauthur
727 1583 971 1662 arenarius,
995 1579 1332 1647 AutherieumLi

229 1685 367 1770 liego,
406 1680 605 1750 Phaloria
637 1685 832 1768 arenaria
864 1697 925 1749 eto.
978 1684 1024 1751 Ιιι
1043 1687 1158 1748 intimo
1183 1683 1248 1748 hoo
1275 1687 1323 1747 sin

232 1785 441 1853 Sonehum
463 1784 696 1872 palustrem
720 1787 813 1872 queri
836 1807 892 1868 ex,
905 1789 999 1852 ostiis
1017 1783 1135 1852 Viedri
1153 1790 1340 1873 provenien·

233 1900 300 1954 tem
325 1889 461 1979 adesse2
484 1884 694 1952 memorabile
717 1901 808 1973 puto.
860 1889 890 1976 c)
917 1887 989 1955 Neo
1011 1893 1170 1955 minorem
1191 1889 1342 1976 impetunl

141 2015 149 2028 ¹
234 1987 365 2059 efficere
402 1990 532 2055 videtur
567 2009 675 2067 mere,
714 1992 801 2076 quod
834 1991 992 2057 orientale
1026 1993 1177 2080 superius
1215 1994 1270 2076 (ad
1300 1993 1342 2054 ‹11ss

181 2091 186 2098 ’
237 2096 445 2160 stinotionem
478 2115 499 2156 a
509 2093 740 2180 praecedente
765 2093 925 2182 inferiori)
952 2092 1005 2159 vel
1030 2098 1126 2159 etiam
1151 2117 1266 2180 supra·
1252 2087 1342 2180 -gotl

233 2195 399 2264 leodicum
431 2195 539 2262 dicere
573 2194 710 2274 vellem,
749 2217 770 2260 a
801 2195 882 2262 Sinu
913 2198 1058 2262 Fennioo
1089 2195 1275 2284 longissimo
1310 2219 1342 2258 o

210 2303 358 2366 nmium
387 2301 505 2364 itinere
530 2299 634 2363 undar
660 2297 810 2363 adferens
837 2313 870 2364 et
896 2301 936 2365 ed
961 2297 1116 2386 scopulos
1140 2298 1341 2394 ostrogothi·

236 2424 294 2468 eoa
318 2401 492 2486 frangens,
521 2401 604 2464 adeo
627 2411 664 2463 ut
688 2399 800 2484 pluvie
827 2423 888 2465 sue
911 2401 977 2506 alat
1002 2402 1138 2472 obesum
1162 2387 1253 2466 illum
1273 2401 1341 2465 Cu·

236 2503 427 2570 eubalum
458 2505 680 2567 viseerum.
741 2500 794 2566 Ob
825 2485 975 2570 eandem
992 2527 1122 2571 eausam
1151 2518 1183 2568 et
1212 2525 1339 2570 concur·

236 2628 323 2672 uum
348 2606 416 2675 fere
442 2608 586 2671 omnium
610 2607 750 2691 partium
771 2609 869 2670 maris
883 2609 1051 2674 orientalis
1067 2609 1157 2696 quusi
1170 2609 1204 2670 in
1218 2627 1339 2673 erucem

235 2708 435 2776 trir'edietam
462 2710 559 2772 etiam
579 2704 628 2785 fir,
650 2721 687 2772 ut
700 2705 890 2793 superficies
905 2712 1003 2777 meria
1017 2715 1123 2776 ventis
1139 2708 1180 2800 ab¹
1192 2711 1338 2774 extremi-

232 2827 304 2896 tate
323 2811 492 2896 eujusdam
506 2801 588 2874 raclii
601 2809 844 2898 insurgentibus
858 2813 932 2879 beie
946 2818 1077 2902 saepius
1095 2814 1238 2879 elevetur
1252 2833 1339 2901 quau

148 2941 150 2949 ¹
237 2915 307 2982 ullo
328 2914 393 2980 elio
417 2913 492 2980 loeo
512 2912 638 2978 fluxum
661 2925 695 2978 et
714 2912 874 2983 reflexum
896 2939 963 2981 nou
980 2915 1132 2995 habente,
1155 2937 1216 3002 quo
1238 2917 1339 2982 littora

237 3041 300 3110 per
321 3017 434 3104 plures
453 3017 524 3081 (lies
544 3019 643 3086 immo
658 3018 818 3082 interdurn
835 3018 1053 3086 hebdomadas
1067 3043 1149 3109 aqna
1159 3022 1225 3104 jum
1238 3041 1338 3084 aesur-

238 3132 337 3212 gente
365 3119 473 3203 (Svee.
487 3116 628 3206 oppsjo)
656 3121 852 3186 inundantur
873 3125 943 3208 jem
967 3125 1172 3210 regrediente
1185 3123 1341 3190 denudare

238 3240 303 3292 tur.
360 3220 449 3290 Hine
490 3223 588 3288 etiam
626 3217 851 3294 salsitudinem
889 3225 1034 3317 aliasque
1064 3229 1275 3316 proprietates
1302 3226 1338 3292 ibi

284 3441 310 3521 Ἴ
334 3449 406 3502 Mure
433 3449 554 3502 orientale
574 3465 602 3503 re
625 3464 683 3524 vera
701 3461 789 3504 natura
809 3451 933 3522 repererit
951 3451 1029 3503 veluti
1050 3451 1124 3504 lineis
1144 3447 1250 3502 dnobus:
1285 3447 1309 3514 ι)
1328 3463 1337 3498 ι

326 3535 468 3590 Bomholm
495 3553 580 3590 vererer
602 3539 696 3590 ouium
716 3521 806 3598 Virdri
827 3539 936 3608 omuibus
955 3539 1063 3592 efficitur
1086 3552 1112 3589 et
1129 3537 1233 3606 primam
1253 3551 1337 3589 recuru-

327 3621 439 3690 damque
459 3635 558 3694 partem
578 3623 723 3692 diruugvit3
761 3621 791 3693 ι)
812 3626 900 3677 inrulir
921 3624 972 3678 illie
994 3643 1009 3678 e
1028 3625 1177 3680 formatione
1195 3625 1336 3675 transitionis

328 3707 469 3776 Oceania,
497 3711 636 3766 Gotlaudir
661 3725 687 3764 et
714 3712 793 3766 Oenei
815 3714 989 3775 eonsumitur,
1019 3725 1044 3764 et
1071 3729 1142 3763 arare
1166 3712 1281 3764 orientale
1303 3713 1336 3760 in-

326 3797 404 3850 ieriur
434 3799 592 3868 amporiori
612 3810 718 3868 reparet.
758 3801 816 3860 ¹liic
843 3817 917 3853 arear
938 3801 1016 3852 marie
1040 3799 1232 3868 arepteuuioue
1250 3815 1335 3866 prore·

329 3887 385 3938 nire
402 3885 518 3954 videtur,
549 3901 609 3938 oum
628 3889 803 3956 promontoria
824 3889 1027 3956 repteutrionalia
1051 3899 1107 3938 tum
1129 3887 1272 3941 Gotlmdiae
1291 3901 1334 3936 ιιιιι

330 3973 469 4028 Oelndiae
491 3971 581 4030 eadem
600 3976 712 4028 maxime
737 3974 827 4028 obruta
844 3975 908 4042 elur,
936 3994 989 4028 uou
1011 3976 1073 4028 item
1092 3974 1340 4050 verumtamem
