2708 4682
101 331 143 396 .'
210 355 254 404 xa
330 311 337 337 ¹
384 329 390 338 ’
452 317 1039 430 ¹contractuspscsr

210 537 326 633 efficiat
362 543 443 604 situs
477 544 551 625 ejus
588 539 742 606 insularis
775 519 812 605 e‘t
834 542 976 604 maxime
1006 535 1178 602 orientalis
1207 537 1241 598 in

210 644 264 710 dio
298 644 397 707 meris
430 641 637 721 orientalis,·
655 645 708 708 cui
741 641 953 708 adscribimus
985 638 1159 706 Sorbum
1187 636 1300 702 Aria

139 778 145 794 ¹
210 748 308 813 ettam
333 748 369 811 in
395 743 521 811 Gotske
546 731 835 833 Sanddnaliisque
850 744 917 807 bris
931 763 998 808 nnn
1013 741 1170 806 calcaneis
1187 739 1328 804 obviam

313 831 498 924 Olandia
525 868 653 934 quoque
681 859 716 910 ut
742 860 810 912 tota
835 845 982 912 calcares
1007 843 1091 908 infra
1118 842 1333 907 tractabitur

209 950 269 1040 sed
294 971 400 1036 neque
427 945 501 1034 'ejus
528 969 643 1030 ornnes
666 943 883 1034 proprietates
907 970 927 1012 a
951 944 1025 1012 solo
1053 959 1190 1017 tantum,
1218 965 1330 1008 vernn

210 1055 307 1142 etiam
338 1073 360 1118 a
383 1053 448 1116 situ
471 1053 596 1118 marino
620 1049 747 1116 elevato
768 1050 984 1126 derivandae,
1010 1045 1135 1135 qualit
1163 1059 1203 1110 nt
1229 1049 1332 1130 magis

209 1153 388 1239 elpcstrem
430 1167 578 1218 naturam
619 1174 679 1216 sna
713 1151 866 1216 Garine
901 1149 1117 1227 obtusata,
1159 1147 1331 1214 Banna-

208 1245 308 1322 culo
338 1254 532 1344 illyrico,
556 1253 858 1320 Helianthemo
884 1251 1109 1334 oplandioo
1131 1251 1330 1337 patefactam

99 1407 102 1418 .
208 1357 344 1448 induat,
366 1369 463 1448 quam
486 1356 555 1422 ulla
580 1356 646 1422 alia
670 1377 746 1443 pars
773 1357 919 1422 Sreciae.

311 1457 555 1524 Smolandia
594 1463 770 1526 maximam
809 1473 933 1545 purtem
969 1453 1132 1522 Gotlri'ae
1176 1477 1332 1521 versus

210 1565 417 1631 orientem
444 1563 673 1638 constituens,
700 1575 808 1624 tamen
836 1561 922 1646 apud
945 1581 1008 1627 nos
1033 1581 1136 1646 aeque
1162 1579 1202 1622 ac
1229 1559 1331 1624 histo·

203 1668 296 1754 [ficos
328 1665 470 1728 indivisa
500 1660 553 1728 vel
578 1665 688 1749 potius
713 1665 868 1738 contiuua
891 1676 1035 1727 manet·
1062 1661 1102 1726 ln
1126 1659 1220 1724 nulla
1246 1665 1330 1724 enim

208 1766 274 1830 alia
301 1779 365 1829 tam
388 1777 481 1828 vasta
508 1767 644 1850 regione
667 1765 874 1850 procedendo
901 1763 941 1828 ab
965 1766 1092 1830 oriente
1117 1765 1152 1826 in
1175 1765 1341 1840 occides„

114 1883 115 1888 ’
209 1882 274 1935 tem
304 1879 370 1934 tatu
402 1868 556 1932 continue
588 1869 806 1951 vegetationis
831 1868 1027 1931 mutationes
1055 1867 1209 1964 persequi
1233 1864 1341 1938 licet,

209 1981 243 2036 et
273 1969 403 2056 quidem
432 1969 466 2032 id
495 1989 598 2056 usque
632 1969 771 2032 durnin
802 1989 958 2082 sumrpam
985 1967 1207 2042 sterilitatem,
1245 1989 1330 2054 quae

209 2074 306 2140 etiem
343 2070 476 2136 ultimae
514 2071 642 2136 videtur
679 2035 915 2144 smelandicae.
930 2083 1085 2147 naturae,
1122 2067 1226 2134 abeat.
1294 2071 1332 2142 Si

207 2176 316 2262 itaque
350 2175 542 2259 incipiamus
573 2169 832 2240 sCalruariensi
863 2170 1099 2258 gubernatione
1131 2174 1341 2254 septentrio-3

208 2273 328 2348 naliorl
370 2297 468 2360 supra
502 2274 700 2352 Vesteruik,
743 2274 859 2340 nullibi
891 2277 995 2360 magis
1028 2271 1256 2359 Ostrogothioa
1293 2285 1341 2340 et,

208 2377 327 2442 laetior
353 2380 530 2462 vegetatio,
560 2398 675 2462 eaque,
700 2391 736 2439 ut
762 2380 808 2442 ita
834 2377 949 2455 dicam,
973 2375 1118 2440 serrrnlis
1144 2377 1332 2460 reperitur,

207 2493 320 2564 utpote
357 2465 487 2562 fulgens
525 2477 714 2542 laetissimis
752 2491 786 2540 et
823 2481 969 2542 succosis
1009 2482 1079 2550 suis
1111 2476 1331 2562 lllelampyris

208 2579 462 2672 versicoloribus
488 2593 520 2644 et
542 2578 730 2644 Orchide
756 2579 999 2644 sarnbucina
1021 2603 1089 2644 'nec
1111 2599 1176 2644 non
1203 2579 1330 2662 Cory·

209 2683 295 2750 dati
325 2704 424 2748 caua
455 2662 589 2748 ‘exiruis
631 2685 754 2746 ornatis
786 2696 853 2765 tum
886 2685 1020 2748 carneis.
1048 2698 1116 2746 tam
1145 2679 1330 2751 albissimis

208 2785 362 2864 floribus,
385 2787 485 2868 juxta
510 2807 591 2871 quas
615 2783 713 2848 altius
737 2786 822 2848 intra
842 2807 916 2849 oras
941 2785 1079 2870 Trape
1101 2797 1255 2860 natans
1280 2789 1331 2848 in·

208 2889 335 2952 tardum
369 2888 541 2972 detegitur.
602 2885 739 2972 lleliqua
772 2885 1007 2955 Calnrariensis
1039 2889 1131 2973 regio
1154 2885 1243 2950 inira
1271 2909 1329 2972 op·

206 2993 350 3076 positum
385 2983 538 3076 angrrlum
573 2988 861 3074 septentrionalem
893 2989 1062 3054 Oelnndiae
1092 2991 1233 3056 macrior
1256 2993 1330 3077 qni-

164 3141 171 3158 ,
208 3091 282 3160 dem
312 3104 362 3158 est
394 3103 508 3178 utpote
542 3094 646 3176 tnagis
678 3096 885 3178 campestris,
921 3095 979 3156 sad
1002 3105 1145 3159 ceterum
1174 3091 1245 3156 lere
1275 3115 1330 3156 aa·

96 3269 100 3280 ¹
208 3195 290 3259 dem.
343 3192 428 3258 Mox
464 3192 683 3258 Smolandiam
719 3196 907 3258 interiorem
942 3193 1178 3258 adscendentes
1205 3197 1330 3262 enutri-

207 3319 280 3362 mus
324 3294 621 3381 Asclepiadem
673 3295 1021 3373 Vincetoxienm,
1066 3295 1328 3373 bathemam,

207 3397 465 3476 Satriculam,
508 3397 798 3466 Athamantem
837 3397 1099 3476 Libanoten‚
1140 3399 1330 3466 Lonice·

206 3521 289 3589 ram
322 3497 589 3586 Xylosteum,
622 3500 843 3564 llhamnum
873 3500 1166 3574 catharticum
1200 3504 1260 3568 sed
1287 3504 1329 3570 ad

106 3678 110 3689 ,
184 3625 365 3688 ¹summum
396 3607 469 3686 eJ'us
497 3605 614 3688 jugum
637 3615 749 3666 coena
773 3603 960 3688 attingimus
984 3602 1183 3667 'l'lterium
1211 3604 1327 3690 alpi·

204 3726 299 3770 num
340 3722 372 3770 et
405 3704 682 3798 Potentillam
710 3704 914 3780 cosulem,
950 3705 1025 3768 huic
1049 3703 1162 3782 zenae
1188 3711 1327 3774 omuino

153 3847 157 3855 ,
205 3811 364 3894 proprias.
416 3807 503 3873 Dein
536 3809 570 3869 in
600 3804 786 3902 Smolandia
819 3808 925 3870 media
949 3809 1033 3871 circa
1056 3806 1217 3893 Helgasj'd
1247 3815 1325 3879 ocur·-

205 3908 247 3981 lis
277 3933 314 3980 se
351 3909 533 3978 subducunt
568 3903 866 3998 Melampyrum
899 3931 1182 3996 nemorosum,
1221 3911 1324 3996 Alo„
