2708 4682
215 399 555 448 cossrccuus
606 399 998 472 vacuorurours
1101 401 1159 448 mn

150 584 322 666 Secula,
345 601 480 672 propter.
502 585 616 664 situm,
640 587 870 653 connectiones
893 597 925 651 et
942 587 1158 675 proprietates

39 686 228 774 reliquas·
212 709 282 790 pam
308 709 406 773 supra
428 691 628 766 recensitas,
660 689 792 754 Floram
818 693 960 756 omnium
983 693 1158 778 maximam

39 787 186 854 exhibet
217 789 314 856 facile
344 792 416 855 915
446 794 574 876 species
604 795 842 868 continentem
875 803 1013 872 attamen
1038 771 1159 856 multae

44 911 158 956 aarum
180 893 320 957 rariores
345 908 421 956 sunt
451 905 484 956 et
510 895 664 978 exiguam
692 907 816 982 tantum
844 907 964 960 terram
990 907 1158 979 occupant,

42 995 130 1058 sicut
156 996 189 1058 in
213 1015 334 1080 genera
363 991 538 1061 observare
561 991 644 1060 'licet
668 999 703 1060 in
729 997 826 1060 terris
848 995 1126 1060 meridionalibns.

146 1091 415 1162 Hallandiam
442 1099 517 1162 dein
544 1096 632 1183 (post
655 1096 816 1182 Scaniarn)
842 1099 1017 1163 maximam
1037 1095 1158 1163 habere

42 1193 159 1262 floram
182 1203 229 1264 ita
254 1197 487 1312 intelligimus,
504 1215 542 1262 nt
567 1217 638 1262 eam
665 1199 749 1262 inter
772 1197 857 1262 fines
881 1199 1000 1285 longos
1026 1199 1157 1295 plantas
1207 1209 1213 1216 '

42 1314 75 1362 et
89 1303 235 1366 scanicas
247 1315 280 1368 et
292 1305 414 1366 eximie
428 1271 701 1385 septentrionales
712 1297 983 1384 comprehendere
995 1301 1156 1388 simulque

40 1401 137 1467 litore
165 1397 236 1467 late
252 1415 387 1490 patente
410 1399 475 1482 sibi
496 1414 670 1465 extraneas
691 1397 808 1464 multas
829 1404 974 1486 recipere
993 1417 1155 1488 putamus.

39 1503 115 1568 Hoc
138 1500 238 1570 modo
268 1507 396 1569 circiter
414 1501 488 1568 796
503 1499 630 1588 species
646 1503 758 1582 offert,
780 1498 839 1567 sed
853 1505 882 1567 si
896 1501 963 1566 ulla
976 1501 1155 1590 provincia,
1226 1513 1229 1530 ¹

41 1615 129 1670 certo
154 1601 256 1683 haec,
287 1589 482 1670 cum'tantis
508 1601 628 1670 divitiis
651 1607 813 1670 vatianum
836 1604 1019 1691 specierum
1046 1605 1157 1670 admo-

39 1805 116 1872 heic
142 1825 258 1872 tersus
281 1813 532 1895 septentrionem
555 1829 710 1874 numerus
736 1813 955 1887 imminuatur,
978 1811 1055 1875 iude
1076 1831 1155 1874 cou-

39 1905 150 1989 clndo,
180 1909 265 1997 quod
290 1910 393 1997 Regio
420 1908 715 1999 Gothoburgensis‚
744 1933 935 1999 quamquam
961 1915 1087 1976 exitum
1102 1925 1153 1976 to·

39 2014 105 2076 tint
137 2013 208 2077 lere
239 2012 403 2078 Gothia
439 2035 594 2078 versus
627 2015 891 2078 occidentem
920 2027 1072 2099 occupet,
1106 2027 1155 2079 ta·

36 2135 111 2180 men
137 2111 197 2179 vix
225 2111 310 2182 ultra
337 2117 411 2182 645
440 2117 568 2202 species
594 2119 768 2180 contiueat.

138 2213 372 2306 Blekiugia
410 2238 478 2281 nou
510 2229 634 2283 tautum
664 2215 731 2280 fine
766 2235 827 2283 sno
859 2211 1049 2280 occidentali
1081 2237 1154 2283 cum

37 2315 163 2384 Scauia
184 2322 300 2403 juncta
323 2331 385 2398 cst,
408 2339 522 2383 verunt
548 2321 644 2383 etiam
668 2319 775 2384 sinum
801 2315 991 2382 orientalem
1013 2341 1085 2382 cum
1101 2341 1155 2384 ea-

37 2423 112 2486 dem
133 2418 272 2508 perficit.
316 2419 404 2488 Hinc
430 2421 528 2486 etiam
553 2421 671 2485 multas
695 2421 866 2486 admodum
890 2419 1017 2506 plantas
1041 2419 1154 2486 Sceni-

36 2545 92 2588 oas
124 2523 166 2588 ad
193 2520 329 2590 limitem
362 2521 595 2590 occidentalem
619 2535 656 2596 et
682 2545 758 2588 cras
783 2545 860 2589 suas
888 2521 1003 2603 habet,
1030 2523 1149 2612 quibus

37 2627 165 2691 circitel
195 2629 266 2692 728
295 2629 422 2713 specics
450 2623 595 2691 exhibet·

91 2811 93 2818 Α
138 2725 392 2794 Oelandiam
416 2740 567 2814 respectu
593 2727 719 2792 numeri
741 2727 922 2815 specierum
945 2723 1047 2794 multo
1072 2747 1153 2816 pau·

36 2829 202 2918 parionem
231 2849 307 2896 esse
340 2831 438 2896 etiam
465 2829 541 2895 inde
574 2829 815 2909 concludimus,
848 2830 956 2920 quod,
984 2829 1026 2896 cb
1049 2853 1152 2918 angu-

37 2937 133 3000 stiam
165 2926 276 3012 snam,
312 2955 413 3022 aquas
444 2931 589 2998 minores
621 2946 746 2999 tuntum
777 2934 982 3020 gignentem,
1021 2954 1151 3023 quoquc

34 3036 154 3102 multas
180 3035 309 3122 plantas
332 3033 496 3126 aquaticas
522 3033 695 3100 desiderat.

137 3133 369 3205 Gotlandia
402 3149 517 3226 utpote
544 3133 711 3203 multoties
735 3136 834 3204 latior
858 3134 917 3203 illo
942 3124 1067 3204 delectu
1090 3140 1151 3204 mi·

33 3261 97 3307 uus
121 3234 270 3320 laborat,
295 3239 405 3329 itaque
427 3241 636 3328 vegetatione
660 3240 847 3305 omnimodo
874 3243 1046 3327 campestri
1071 3240 1152 3324 (syl-

33 3357 176 3408 vestrem
213 3359 281 3408 nou
316 3343 526 3430 excludente)
563 3341 745 3427 specierum
778 3363 944 3408 numerum
978 3363 1080 3430 usque
1107 3343 1149 3406 ad

39 3447 107 3510 711
136 3441 264 3524 evehit,
298 3467 394 3536 quem
416 3443 512 3510 valde
534 3445 697 3530 insignem
724 3466 798 3508 osse
820 3457 989 3530 putamus,
1014 3465 1085 3508 cum
1112 3465 1149 3506 o·
1235 3428 1239 3440 ¹

35 3545 163 3613 mnibus
205 3547 325 3635 plantis
357 3551 530 3636 regionum
563 3559 783 3620 montosarum
818 3561 850 3612 ct
882 3545 1149 3611 continentaliunr

37 3661 156 3714 careat.
220 3650 321 3717 01)
303 3673 374 3738 Jam
416 3649 532 3715 allatas
566 3669 681 3714 causas
717 3670 824 3736 neque
854 3646 1014 3714 Oelandia
1042 3667 1182 3734 neque

34 3749 214 3816 Gotlandia
243 3751 285 3819 ad
313 3755 453 3820 ullam
442 3775 478 3819 rn
505 3751 721 3838 computando
747 3774 819 3817 cum
845 3753 1022 3838 provinciis
1046 3747 1151 3814 conti-

36 3851 223 3920 ueutalibus
249 3858 524 3948 comparationem
549 3853 780 3924 instituendam
807 3876 843 3917 se
864 3855 1014 3920 offerunt.
