2708 4682
224 480 228 488 .
299 445 836 525 CONSPEC'PUSIREGNI
1071 447 1117 495 LV

11 646 111 712 ato,
147 645 242 722 utque
275 631 357 698 adeo
387 635 480 722 qumi
506 621 605 718 miros
633 632 735 702 soltus
753 633 885 711 dooere,
912 643 949 700 nt
978 653 1018 702 eo
1041 653 1115 722 per·

1 739 153 802 eniant.
212 735 267 800 Sic
304 735 441 804 Plreee
475 740 726 826 eenrpestris
770 737 847 801 inde
883 733 923 802 ab
953 731 1116 813 Oelandia

1 861 114 927 sque
142 834 252 902 infime
280 839 364 902 intre
392 852 522 906 nostros
546 837 666 906 limites
687 860 754 904 non
774 839 925 924 provenit
945 852 1116 930 antequam

87 962 178 1006 mare
217 939 469 1026 septentrionale
506 941 699 1008 Finmarkite
746 943 891 1008 maxime
937 939 1116 1008 orientatis.
1172 970 1177 976 ·

14 1046 257 1134 tiam‘magia
292 1045 463 1123 miramur,
498 1041 759 1110 Cinernriem
787 1049 1062 1128 campestrem
1097 1061 1118 1108 tt
1193 1069 1197 1078 ·

13 1147 126 1208 eania
161 1147 284 1210 extima
316 1144 433 1210 saltum
462 1145 568 1211 lacere
598 1167 702 1234 usquo
736 1149 770 1210 in
799 1159 935 1210 tractum
963 1141 1119 1210 l'tellen

20 1249 182 1312 istrict
210 1247 331 1312 dietum
348 1245 523 1332 Norvegiae
550 1246 681 1326 ultima,
708 1247 805 1333 idque
828 1261 894 1314 tum
907 1245 1065 1332 perferte,
1080 1257 1120 1312 nt

12 1371 80 1412 arn
111 1370 152 1412 ne
180 1351 316 1414 circuitu
342 1348 472 1436 quidem
497 1345 567 1413 ulle
595 1369 654 1434 per
673 1347 748 1412 loce
772 1349 962 1414 intermedia
985 1367 1025 1412 eo
1043 1367 1119 1434 per·
1207 1367 1220 1376 “

17 1472 128 1514 ueere
156 1453 322 1516 sciamus-¹
359 1448 510 1534 Attamen
535 1449 693 1516 rationem
720 1469 800 1515 mox
823 1449 1037 1527 inveniemus,
1061 1470 1120 1514 our

18 1574 69 1614 ae
96 1551 227 1636 plantae
257 1563 454 1636 campestres
477 1549 549 1616 loon
572 1537 667 1616 etiarn
692 1564 841 1637 respectu
865 1549 1033 1636 temperiei
1054 1561 1119 1616 tam

0 1655 141 1716 iversa
164 1673 260 1738 qnam
281 1645 398 1720 'dissita
420 1639 483 1718 sibl
511 1649 640 1745 eligant.
684 1649 787 1717 Maris
813 1651 903 1717 illius
928 1655 1015 1718 enim
1038 1672 1121 1717 nun·

0 1775 107 1816 uam
132 1750 324 1838 conglaciati
352 1757 536 1840 temperiem
562 1757 672 1819 mitem
697 1775 762 1818 non
788 1757 866 1818 satis
889 1756 1040 1820 admirari
1059 1775 1119 1841 po-

8 1857 150 1931 nimus,
184 1855 309 1942 qnando
339 1853 444 1924 hieme
479 1878 524 1922 ex
552 1856 679 1942 alpibus
710 1859 788 1920 nive
816 1860 967 1944 omnique
995 1858 1119 1943 frigere

10 1977 76 2020 arn
109 1957 202 2022 tectis
237 1957 277 2020 ed
307 1955 416 2022 littora
453 1961 524 2043 ejus
556 1961 781 2044 pervenimus,
825 1961 871 2024 ite
902 1973 937 2023 ut
969 1958 1016 2024 ibi
1047 1959 1117 2023 lere

17 2058 171 2144 esugium
206 2073 317 2136 eontra
347 2060 452 2146 lrigns
483 2081 629 2147 quaerere
662 2058 833 2126 vellemus.
890 2050 976 2129 lllihi
1008 2064 1118 2148 itaque

23 2181 73 2224 on
101 2163 219 2226 mirum
247 2146 489 2248 vegetabilibus
507 2163 595 2226 idem
620 2162 775 2228 accidere.
829 2159 1119 2238 Considerandum,

20 2277 165 2328 uantum
189 2285 278 2326 mare
309 2263 351 2328 ed
375 2263 456 2328 haee
478 2261 590 2328 littora
617 2281 676 2350 per
691 2275 854 2346 ,aestatem
871 2261 942 2328 sule
956 2284 1121 2350 nunquam

5 2365 145 2456 eeidun
181 2387 217 2428 re
247 2385 326 2428 vere
358 2363 487 2436 calefiat
524 2367 628 2452 magis
655 2357 752 2454 ¹quiem
780 2368 814 2431 in
843 2368 925 2454 ipsis
948 2363 1120 2434 eustrelio·

20 2465 102 2529 'bus
129 2468 242 2542 terris,
270 2487 333 2554 qno
356 2489 422 2531 non
447 2481 569 2532 tantum
591 2471 708 2554 iugens
732 2471 902 2556 congeries
927 2469 1064 2554 piscium
1087 2477 1119 2532 et

24 2571 112 2656 opie¹
137 2565 339 2634 Balrenarum
366 2591 534 2658 nunquam
567 2591 633 2636 nou
668 2571 794 2637 fortiter
826 2555 1032 2657 spirantium,
1064 2591 1133 2654 ve-⁴

0 2693 80 2734 um
113 2673 209 2734 etiam
241 2669 317 2735 talis
347 2675 509 2761 vegetatio
546 2673 706 2740 Furorum
738 2675 971 2752 maritatarum,
1008 2685 1043 2736 ut
1075 2675 1118 2760 εἰς

1 2771 88 2836 mile
121 2771 197 2858 quid
218 2769 329 2836 forsan
358 2777 444 2839 inter
467 2776 610 2860 tropicos
634 2795 701 2840 nen
725 2777 874 2842 exsistet.
926 2773 1036 2850 Quum
1063 2795 1119 2838 au·

1 2889 75 2939 tem
103 2860 172 2958 jdrn
204 2878 289 2938 inter
316 2875 477 2965 geologos
509 2875 660 2964 physicos
692 2889 835 2958 constet,
868 2895 1021 2964 quunmm
1052 2876 1119 2940 vitu

2 2981 165 3064 organica
196 2981 386 3062 praesertim
419 2981 601 3064 vegetativa
629 3001 690 3064 per
713 2992 831 3044 terram
862 2980 902 3061 etl
927 2977 1021 3044 elima
1040 2992 1118 3042 tem·
1170 3039 1181 3054 ,

4 3083 176 3164 periemve
198 3081 359 3146 mitiorem
381 3081 576 3146 reddendam
591 3081 751 3161 conferat,
774 3095 809 3146 nt
825 3085 895 3148 sirie
912 3085 1117 3168 vegetatione

2 3187 68 3246 vix
89 3181 186 3247 calor.
197 3181 345 3248 vivificus
360 3181 447 3249 ullus
462 3197 568 3262 esset,
592 3205 633 3248 eo
649 3187 815 3269 majorem,
830 3203 964 3250 neeesse
979 3183 1117 3259 videtur,

5 3299 45 3348 ut
58 3285 139 3348 lraeo
160 3287 195 3350 in
209 3287 289 3350 mari
304 3286 487 3352 densiorem
503 3300 683 3354 contactum
697 3309 769 3352 oum
783 3287 895 3354 eadem
906 3285 1057 3375 habente,
1073 3283 1117 3348 el·
1140 3315 1145 3320 ·
1255 3369 1258 3376 ἢ

8 3387 131 3451 leottrm
151 3387 278 3473 prodat.
309 3387 396 3454 Hine
416 3389 525 3454 forsan
548 3411 614 3456 non
636 3385 794 3456 absonum
807 3389 891 3456 leret
905 3389 1118 3464 contendere,
1179 3401 1188 3420 *

11 3491 48 3550 in
64 3492 143 3554 ruari
158 3488 253 3554 clima
268 3488 320 3553 vel
337 3495 525 3578 temperiem
539 3492 624 3580 apud
637 3513 699 3556 nos
712 3495 876 3560 inversum
889 3513 974 3568 esse,
987 3491 1034 3556 ita
1047 3487 1118 3554 soil.

14 3601 51 3651 ut
74 3589 113 3654 ad
135 3588 297 3680 NordCap
321 3595 431 3662 mitius
457 3597 500 3658 sit
518 3617 614 3683 quiam
636 3595 678 3660 ed
699 3595 943 3662 meridionalem
958 3593 1118 3660 Sennium.

15 3692 180 3766 llttantruu
213 3695 385 3781 peninsula
416 3711 529 3762 nostre
559 3695 676 3762 deleat
696 3699 778 3764 meri
801 3695 851 3764 illi
869 3690 1119 3786 septentrionali

13 3796 87 3858 miti
121 3795 220 3882 frigius
253 3799 412 3865 avertenti
443 3813 475 3866 et
508 3801 685 3888 relegenti,
720 3804 792 3868 sine
819 3821 881 3890 quo
905 3797 1026 3864 Sibirin
1050 3795 1120 3858 lere

14 3909 120 3975 esset,
153 3920 218 3964 uon
247 3903 326 3966 sutis
358 3903 590 3972 aestimandum
620 3917 787 3998 putum
822 3923 921 3990 quere
947 3919 1008 3964 nee
1030 3915 1119 3962 tutare

13 4002 98 4066 idem
140 4011 203 4066 tam
243 4003 357 4072 efficax
389 4027 436 4072 ex
466 4005 491 4071 F
494 4006 564 4074 loru
595 4019 708 4070 nostra
737 3997 909 4071 exclusum
940 3999 1118 4076 voluimus,
