<?xml version="1.0" encoding="UTF-8"?>
<!DOCTYPE html PUBLIC "-//W3C//DTD XHTML 1.0 Transitional//EN"
    "http://www.w3.org/TR/xhtml1/DTD/xhtml1-transitional.dtd">
<html xmlns="http://www.w3.org/1999/xhtml" xml:lang="en" lang="en">
 <head>
  <title>
</title>
<meta http-equiv="Content-Type" content="text/html;charset=utf-8" />
  <meta name='ocr-system' content='tesseract 3.04.00' />
  <meta name='ocr-capabilities' content='ocr_page ocr_carea ocr_par ocr_line ocrx_word'/>
</head>
<body>
  <div class='ocr_page' id='page_1' title='image "./florasvecicaenu00wahlgoog_0031.png"; bbox 0 0 2708 4682; ppageno 0'>
   <div class='ocr_carea' id='block_1_1' title="bbox 222 405 970 468">
    <p class='ocr_par' dir='ltr' id='par_1_1' title="bbox 222 405 970 468">
     <span class='ocr_line' id='line_1_1' title="bbox 222 405 970 468; baseline -0.009 0"><span class='ocrx_word' id='word_1_1' title='bbox 222 420 291 468; x_wconf 83' lang='lat' dir='ltr'><strong>xxrr</strong></span> <span class='ocrx_word' id='word_1_2' title='bbox 514 405 517 418; x_wconf 91' lang='grc'><strong>’</strong></span> <span class='ocrx_word' id='word_1_3' title='bbox 590 423 744 468; x_wconf 76' lang='lat' dir='ltr'><strong>atrro</strong></span> <span class='ocrx_word' id='word_1_4' title='bbox 788 421 970 468; x_wconf 80' lang='lat' dir='ltr'><strong>onenrs</strong></span> 
     </span>
    </p>
   </div>
   <div class='ocr_carea' id='block_1_2' title="bbox 198 587 1327 1100">
    <p class='ocr_par' dir='ltr' id='par_1_2' title="bbox 224 587 1302 774">
     <span class='ocr_line' id='line_1_2' title="bbox 224 587 1302 692; baseline -0.002 -22"><span class='ocrx_word' id='word_1_5' title='bbox 224 605 455 692; x_wconf 80' lang='lat' dir='ltr'><strong>Cryptogarnia</strong></span> <span class='ocrx_word' id='word_1_6' title='bbox 488 609 708 674; x_wconf 84' lang='lat' dir='ltr'><strong>necessarium</strong></span> <span class='ocrx_word' id='word_1_7' title='bbox 740 607 887 684; x_wconf 85' lang='lat' dir='ltr'><strong>videtur,</strong></span> <span class='ocrx_word' id='word_1_8' title='bbox 931 618 966 667; x_wconf 85' lang='lat' dir='ltr'><strong>ut</strong></span> <span class='ocrx_word' id='word_1_9' title='bbox 999 587 1153 690; x_wconf 80' lang='lat' dir='ltr'><strong>quasdam</strong></span> <span class='ocrx_word' id='word_1_10' title='bbox 1185 601 1302 670; x_wconf 81' lang='lat' dir='ltr'><strong>ohserr</strong></span> 
     </span>
     <span class='ocr_line' id='line_1_3' title="bbox 224 708 776 774; baseline 0.007 -1"><span class='ocrx_word' id='word_1_11' title='bbox 224 709 331 773; x_wconf 88' lang='lat' dir='ltr'><strong>tiones</strong></span> <span class='ocrx_word' id='word_1_12' title='bbox 359 708 551 774; x_wconf 79' lang='lat' dir='ltr'>adferamus.</span> <span class='ocrx_word' id='word_1_13' title='bbox 773 723 776 729; x_wconf 86' lang='lat'>&#39;</span> 
     </span>
    </p>

    <p class='ocr_par' dir='ltr' id='par_1_3' title="bbox 198 805 1327 1100">
     <span class='ocr_line' id='line_1_4' title="bbox 326 805 1327 896; baseline -0.002 -24"><span class='ocrx_word' id='word_1_14' title='bbox 326 807 447 877; x_wconf 83' lang='lat' dir='ltr'><strong>Filioes</strong></span> <span class='ocrx_word' id='word_1_15' title='bbox 476 810 723 888; x_wconf 88' lang='lat' dir='ltr'><strong>eodemmodo,</strong></span> <span class='ocrx_word' id='word_1_16' title='bbox 747 832 784 873; x_wconf 87' lang='lat' dir='ltr'><strong>ao</strong></span> <span class='ocrx_word' id='word_1_17' title='bbox 807 807 949 896; x_wconf 86' lang='lat' dir='ltr'><strong>reliquas</strong></span> <span class='ocrx_word' id='word_1_18' title='bbox 970 805 1098 896; x_wconf 87' lang='lat' dir='ltr'><strong>plantas</strong></span> <span class='ocrx_word' id='word_1_19' title='bbox 1113 807 1327 893; x_wconf 56' lang='lat' dir='ltr'><strong>perfectiores</strong></span> 
     </span>
     <span class='ocr_line' id='line_1_5' title="bbox 198 909 1326 1006; baseline -0.005 -28"><span class='ocrx_word' id='word_1_20' title='bbox 198 921 375 1001; x_wconf 28' lang='lat' dir='ltr'><strong>&#39;hastatas</strong></span> <span class='ocrx_word' id='word_1_21' title='bbox 401 933 476 978; x_wconf 84' lang='lat' dir='ltr'><strong>esse</strong></span> <span class='ocrx_word' id='word_1_22' title='bbox 500 933 595 980; x_wconf 89' lang='lat' dir='ltr'><strong>nomo</strong></span> <span class='ocrx_word' id='word_1_23' title='bbox 622 925 690 992; x_wconf 82' lang='lat' dir='ltr'><strong>est,</strong></span> <span class='ocrx_word' id='word_1_24' title='bbox 719 914 774 999; x_wconf 86' lang='lat' dir='ltr'><strong>qui</strong></span> <span class='ocrx_word' id='word_1_25' title='bbox 799 913 949 986; x_wconf 82' lang='lat' dir='ltr'><strong>miretur3</strong></span> <span class='ocrx_word' id='word_1_26' title='bbox 977 909 1036 1006; x_wconf 76' lang='lat' dir='ltr'><strong>sed</strong></span> <span class='ocrx_word' id='word_1_27' title='bbox 1061 923 1179 996; x_wconf 86' lang='lat' dir='ltr'><strong>postea</strong></span> <span class='ocrx_word' id='word_1_28' title='bbox 1206 933 1272 996; x_wconf 87' lang='lat' dir='ltr'><strong>per</strong></span> <span class='ocrx_word' id='word_1_29' title='bbox 1293 927 1326 974; x_wconf 81' lang='lat' dir='ltr'><strong>to</strong></span> 
     </span>
     <span class='ocr_line' id='line_1_6' title="bbox 221 1010 1327 1100; baseline -0.004 -22"><span class='ocrx_word' id='word_1_30' title='bbox 221 1028 287 1080; x_wconf 86' lang='lat' dir='ltr'><strong>tam</strong></span> <span class='ocrx_word' id='word_1_31' title='bbox 317 1010 579 1100; x_wconf 82' lang='lat' dir='ltr'><strong>Cryptogsmiam</strong></span> <span class='ocrx_word' id='word_1_32' title='bbox 612 1015 890 1080; x_wconf 84' lang='lat' dir='ltr'><strong>oonsiderationes</strong></span> <span class='ocrx_word' id='word_1_33' title='bbox 926 1011 1136 1080; x_wconf 75' lang='lat' dir='ltr'><strong>habitationis</strong></span> <span class='ocrx_word' id='word_1_34' title='bbox 1163 1015 1238 1076; x_wconf 82' lang='lat' dir='ltr'><strong>sive</strong></span> <span class='ocrx_word' id='word_1_35' title='bbox 1263 1035 1327 1099; x_wconf 80' lang='lat' dir='ltr'><strong>geo</strong></span> 
     </span>
    </p>
   </div>
   <div class='ocr_carea' id='block_1_3' title="bbox 116 1113 1327 1202">
    <p class='ocr_par' dir='ltr' id='par_1_4' title="bbox 116 1113 1327 1202">
     <span class='ocr_line' id='line_1_7' title="bbox 116 1113 1327 1202; baseline 0 -26"><span class='ocrx_word' id='word_1_36' title='bbox 116 1166 119 1176; x_wconf 91' lang='lat'>.</span> <span class='ocrx_word' id='word_1_37' title='bbox 220 1113 395 1202; x_wconf 72' lang='lat' dir='ltr'><strong>graphione</strong></span> <span class='ocrx_word' id='word_1_38' title='bbox 419 1135 479 1201; x_wconf 92' lang='lat' dir='ltr'><strong>pro</strong></span> <span class='ocrx_word' id='word_1_39' title='bbox 503 1118 555 1182; x_wconf 87' lang='lat' dir='ltr'><strong>rei</strong></span> <span class='ocrx_word' id='word_1_40' title='bbox 579 1115 690 1182; x_wconf 91' lang='lat' dir='ltr'><strong>indole</strong></span> <span class='ocrx_word' id='word_1_41' title='bbox 714 1114 815 1183; x_wconf 87' lang='lat' dir='ltr'><strong>multo</strong></span> <span class='ocrx_word' id='word_1_42' title='bbox 841 1117 948 1180; x_wconf 84' lang='lat' dir='ltr'><strong>minos</strong></span> <span class='ocrx_word' id='word_1_43' title='bbox 973 1115 1141 1180; x_wconf 88' lang='lat' dir='ltr'><strong>evidentes</strong></span> <span class='ocrx_word' id='word_1_44' title='bbox 1168 1128 1269 1192; x_wconf 85' lang='lat' dir='ltr'><strong>sunt,</strong></span> <span class='ocrx_word' id='word_1_45' title='bbox 1296 1117 1327 1176; x_wconf 77' lang='lat' dir='ltr'><strong>ri</strong></span> 
     </span>
    </p>
   </div>
   <div class='ocr_carea' id='block_1_4' title="bbox 174 1215 1337 3242">
    <p class='ocr_par' dir='ltr' id='par_1_5' title="bbox 174 1215 1337 3242">
     <span class='ocr_line' id='line_1_8' title="bbox 221 1215 1326 1303; baseline -0.005 -21"><span class='ocrx_word' id='word_1_46' title='bbox 221 1215 353 1303; x_wconf 85' lang='lat' dir='ltr'><strong>mulque</strong></span> <span class='ocrx_word' id='word_1_47' title='bbox 377 1215 505 1284; x_wconf 87' lang='lat' dir='ltr'><strong>habitos</strong></span> <span class='ocrx_word' id='word_1_48' title='bbox 535 1219 664 1283; x_wconf 85' lang='lat' dir='ltr'><strong>edatis</strong></span> <span class='ocrx_word' id='word_1_49' title='bbox 690 1219 882 1286; x_wconf 83' lang='lat' dir='ltr'><strong>differentiis</strong></span> <span class='ocrx_word' id='word_1_50' title='bbox 908 1219 1016 1282; x_wconf 88' lang='lat' dir='ltr'><strong>minus</strong></span> <span class='ocrx_word' id='word_1_51' title='bbox 1037 1216 1187 1280; x_wconf 84' lang='lat' dir='ltr'><strong>diversus</strong></span> <span class='ocrx_word' id='word_1_52' title='bbox 1216 1217 1326 1280; x_wconf 89' lang='lat' dir='ltr'><strong>evadit.</strong></span> 
     </span>
     <span class='ocr_line' id='line_1_9' title="bbox 222 1305 1329 1407; baseline -0.005 -21"><span class='ocrx_word' id='word_1_53' title='bbox 222 1319 310 1386; x_wconf 87' lang='lat' dir='ltr'><strong>Hino</strong></span> <span class='ocrx_word' id='word_1_54' title='bbox 341 1315 467 1396; x_wconf 81' lang='lat' dir='ltr'><strong>fit‚.ut</strong></span> <span class='ocrx_word' id='word_1_55' title='bbox 491 1324 683 1407; x_wconf 75' lang='lat' dir='ltr'><strong>synonymia</strong></span> <span class='ocrx_word' id='word_1_56' title='bbox 708 1319 941 1407; x_wconf 78' lang='lat' dir='ltr'><strong>habitationem</strong></span> <span class='ocrx_word' id='word_1_57' title='bbox 965 1317 1152 1394; x_wconf 83' lang='lat' dir='ltr'><strong>illustrans,</strong></span> <span class='ocrx_word' id='word_1_58' title='bbox 1184 1305 1263 1402; x_wconf 87' lang='lat' dir='ltr'><strong>ipsa</strong></span> <span class='ocrx_word' id='word_1_59' title='bbox 1284 1317 1329 1381; x_wconf 90' lang='lat' dir='ltr'><strong>ha·</strong></span> 
     </span>
     <span class='ocr_line' id='line_1_10' title="bbox 220 1417 1329 1508; baseline -0.003 -22"><span class='ocrx_word' id='word_1_60' title='bbox 220 1420 336 1488; x_wconf 88' lang='lat' dir='ltr'><strong>bitatio</strong></span> <span class='ocrx_word' id='word_1_61' title='bbox 371 1434 404 1485; x_wconf 86' lang='lat' dir='ltr'><strong>et</strong></span> <span class='ocrx_word' id='word_1_62' title='bbox 436 1421 575 1508; x_wconf 87' lang='lat' dir='ltr'><strong>denique</strong></span> <span class='ocrx_word' id='word_1_63' title='bbox 604 1424 839 1508; x_wconf 74' lang='lat' dir='ltr'><strong>descriptiones</strong></span> <span class='ocrx_word' id='word_1_64' title='bbox 866 1419 1049 1488; x_wconf 85' lang='lat' dir='ltr'><strong>habituales</strong></span> <span class='ocrx_word' id='word_1_65' title='bbox 1078 1418 1181 1485; x_wconf 88' lang='lat' dir='ltr'><strong>multo</strong></span> <span class='ocrx_word' id='word_1_66' title='bbox 1209 1417 1329 1485; x_wconf 86' lang='lat' dir='ltr'><strong>brevio-</strong></span> 
     </span>
     <span class='ocr_line' id='line_1_11' title="bbox 221 1521 1329 1610; baseline -0.005 -20"><span class='ocrx_word' id='word_1_67' title='bbox 221 1543 276 1590; x_wconf 79' lang='lat' dir='ltr'><strong>res</strong></span> <span class='ocrx_word' id='word_1_68' title='bbox 302 1535 453 1599; x_wconf 84' lang='lat' dir='ltr'><strong>exstent,</strong></span> <span class='ocrx_word' id='word_1_69' title='bbox 490 1523 637 1610; x_wconf 90' lang='lat' dir='ltr'><strong>adeoque</strong></span> <span class='ocrx_word' id='word_1_70' title='bbox 663 1536 732 1588; x_wconf 88' lang='lat' dir='ltr'><strong>tota</strong></span> <span class='ocrx_word' id='word_1_71' title='bbox 756 1525 904 1588; x_wconf 87' lang='lat' dir='ltr'><strong>tractatio</strong></span> <span class='ocrx_word' id='word_1_72' title='bbox 932 1521 1098 1588; x_wconf 85' lang='lat' dir='ltr'><strong>multoties</strong></span> <span class='ocrx_word' id='word_1_73' title='bbox 1121 1522 1228 1607; x_wconf 81' lang='lat' dir='ltr'><strong>magis</strong></span> <span class='ocrx_word' id='word_1_74' title='bbox 1252 1543 1329 1586; x_wconf 90' lang='lat' dir='ltr'><strong>oom-</strong></span> 
     </span>
     <span class='ocr_line' id='line_1_12' title="bbox 220 1621 1337 1714; baseline 0.001 -28"><span class='ocrx_word' id='word_1_75' title='bbox 220 1625 380 1714; x_wconf 84' lang='lat' dir='ltr'><strong>pendiosa</strong></span> <span class='ocrx_word' id='word_1_76' title='bbox 406 1623 478 1690; x_wconf 89' lang='lat' dir='ltr'><strong>sine</strong></span> <span class='ocrx_word' id='word_1_77' title='bbox 501 1624 628 1708; x_wconf 81' lang='lat' dir='ltr'><strong>jactura</strong></span> <span class='ocrx_word' id='word_1_78' title='bbox 657 1623 784 1690; x_wconf 88' lang='lat' dir='ltr'><strong>evadat.</strong></span> <span class='ocrx_word' id='word_1_79' title='bbox 836 1621 971 1690; x_wconf 86' lang='lat' dir='ltr'><strong>Museos</strong></span> <span class='ocrx_word' id='word_1_80' title='bbox 997 1638 1104 1690; x_wconf 87' lang='lat' dir='ltr'><strong>tamen</strong></span> <span class='ocrx_word' id='word_1_81' title='bbox 1130 1643 1337 1712; x_wconf 47' lang='lat' dir='ltr'><strong>enumerare}</strong></span> 
     </span>
     <span class='ocr_line' id='line_1_13' title="bbox 222 1724 1337 1809; baseline -0.001 -17"><span class='ocrx_word' id='word_1_82' title='bbox 222 1725 274 1792; x_wconf 90' lang='lat' dir='ltr'><strong>his</strong></span> <span class='ocrx_word' id='word_1_83' title='bbox 302 1724 406 1792; x_wconf 84' lang='lat' dir='ltr'><strong>adhoc</strong></span> <span class='ocrx_word' id='word_1_84' title='bbox 430 1739 624 1809; x_wconf 76' lang='lat' dir='ltr'><strong>occupatus,</strong></span> <span class='ocrx_word' id='word_1_85' title='bbox 651 1747 764 1792; x_wconf 83' lang='lat' dir='ltr'><strong>onrnes</strong></span> <span class='ocrx_word' id='word_1_86' title='bbox 790 1725 871 1792; x_wconf 88' lang='lat' dir='ltr'><strong>mihi</strong></span> <span class='ocrx_word' id='word_1_87' title='bbox 895 1740 981 1790; x_wconf 84' lang='lat' dir='ltr'><strong>certe</strong></span> <span class='ocrx_word' id='word_1_88' title='bbox 1006 1741 1104 1790; x_wconf 86' lang='lat' dir='ltr'><strong>notos</strong></span> <span class='ocrx_word' id='word_1_89' title='bbox 1131 1725 1255 1806; x_wconf 85' lang='lat' dir='ltr'><strong>studui,</strong></span> <span class='ocrx_word' id='word_1_90' title='bbox 1280 1725 1337 1792; x_wconf 63' lang='lat'><strong>05:</strong></span> 
     </span>
     <span class='ocr_line' id='line_1_14' title="bbox 223 1826 1329 1913; baseline -0.002 -21"><span class='ocrx_word' id='word_1_91' title='bbox 223 1830 326 1913; x_wconf 83' lang='lat' dir='ltr'><strong>neptis</strong></span> <span class='ocrx_word' id='word_1_92' title='bbox 347 1828 457 1893; x_wconf 74' lang='lat' dir='ltr'><strong>forsan</strong></span> <span class='ocrx_word' id='word_1_93' title='bbox 481 1826 671 1913; x_wconf 85' lang='lat' dir='ltr'><strong>quibusdam</strong></span> <span class='ocrx_word' id='word_1_94' title='bbox 699 1828 982 1911; x_wconf 80' lang='lat' dir='ltr'><strong>Jongermanniis,</strong></span> <span class='ocrx_word' id='word_1_95' title='bbox 1015 1826 1058 1892; x_wconf 91' lang='lat' dir='ltr'><strong>ob</strong></span> <span class='ocrx_word' id='word_1_96' title='bbox 1082 1828 1243 1892; x_wconf 85' lang='lat' dir='ltr'><strong>defeetrutr</strong></span> <span class='ocrx_word' id='word_1_97' title='bbox 1272 1829 1329 1893; x_wconf 83' lang='lat' dir='ltr'><strong>hu·</strong></span> 
     </span>
     <span class='ocr_line' id='line_1_15' title="bbox 223 1929 1331 2016; baseline -0.002 -22"><span class='ocrx_word' id='word_1_98' title='bbox 223 1929 313 2007; x_wconf 84' lang='lat' dir='ltr'><strong>stris,</strong></span> <span class='ocrx_word' id='word_1_99' title='bbox 346 1942 488 1994; x_wconf 85' lang='lat' dir='ltr'><strong>ceterum</strong></span> <span class='ocrx_word' id='word_1_100' title='bbox 510 1942 575 1996; x_wconf 84' lang='lat' dir='ltr'><strong>tam</strong></span> <span class='ocrx_word' id='word_1_101' title='bbox 601 1933 665 1994; x_wconf 89' lang='lat' dir='ltr'><strong>oito</strong></span> <span class='ocrx_word' id='word_1_102' title='bbox 693 1931 936 2006; x_wconf 69' lang='lat' dir='ltr'><strong>evanescentia,</strong></span> <span class='ocrx_word' id='word_1_103' title='bbox 966 1931 1072 1993; x_wconf 89' lang='lat' dir='ltr'><strong>minus</strong></span> <span class='ocrx_word' id='word_1_104' title='bbox 1098 1933 1193 1994; x_wconf 86' lang='lat' dir='ltr'><strong>certis</strong></span> <span class='ocrx_word' id='word_1_105' title='bbox 1220 1940 1253 1992; x_wconf 88' lang='lat' dir='ltr'><strong>et</strong></span> <span class='ocrx_word' id='word_1_106' title='bbox 1280 1953 1331 2016; x_wconf 89' lang='lat' dir='ltr'><strong>pa·</strong></span> 
     </span>
     <span class='ocr_line' id='line_1_16' title="bbox 222 2027 1331 2118; baseline -0.003 -20"><span class='ocrx_word' id='word_1_107' title='bbox 222 2053 294 2098; x_wconf 79' lang='lat' dir='ltr'><strong>nrm</strong></span> <span class='ocrx_word' id='word_1_108' title='bbox 323 2027 537 2100; x_wconf 77' lang='lat' dir='ltr'><strong>evidentibus.</strong></span> <span class='ocrx_word' id='word_1_109' title='bbox 590 2029 688 2108; x_wconf 79' lang='lat' dir='ltr'><strong>Quod</strong></span> <span class='ocrx_word' id='word_1_110' title='bbox 715 2031 755 2096; x_wconf 90' lang='lat' dir='ltr'><strong>ad</strong></span> <span class='ocrx_word' id='word_1_111' title='bbox 780 2029 883 2118; x_wconf 81' lang='lat' dir='ltr'><strong>Algas</strong></span> <span class='ocrx_word' id='word_1_112' title='bbox 908 2034 1033 2108; x_wconf 85' lang='lat' dir='ltr'><strong>attinet,</strong></span> <span class='ocrx_word' id='word_1_113' title='bbox 1060 2053 1173 2098; x_wconf 89' lang='lat' dir='ltr'><strong>omnes</strong></span> <span class='ocrx_word' id='word_1_114' title='bbox 1190 2035 1331 2114; x_wconf 85' lang='lat' dir='ltr'><strong>majores</strong></span> 
     </span>
     <span class='ocr_line' id='line_1_17' title="bbox 224 2120 1333 2222; baseline -0.002 -26"><span class='ocrx_word' id='word_1_115' title='bbox 224 2120 389 2222; x_wconf 82' lang='lat' dir='ltr'><strong>st‘magis</strong></span> <span class='ocrx_word' id='word_1_116' title='bbox 422 2155 608 2204; x_wconf 87' lang='lat' dir='ltr'><strong>communes</strong></span> <span class='ocrx_word' id='word_1_117' title='bbox 641 2136 752 2222; x_wconf 89' lang='lat' dir='ltr'><strong>ntique</strong></span> <span class='ocrx_word' id='word_1_118' title='bbox 782 2135 910 2198; x_wconf 81' lang='lat' dir='ltr'><strong>adferre</strong></span> <span class='ocrx_word' id='word_1_119' title='bbox 943 2131 1051 2210; x_wconf 83' lang='lat' dir='ltr'><strong>volui3</strong></span> <span class='ocrx_word' id='word_1_120' title='bbox 1088 2134 1145 2199; x_wconf 88' lang='lat' dir='ltr'><strong>sod</strong></span> <span class='ocrx_word' id='word_1_121' title='bbox 1175 2133 1261 2218; x_wconf 83' lang='lat' dir='ltr'><strong>quod</strong></span> <span class='ocrx_word' id='word_1_122' title='bbox 1300 2155 1333 2194; x_wconf 91' lang='lat' dir='ltr'><strong>o-</strong></span> 
     </span>
     <span class='ocr_line' id='line_1_18' title="bbox 220 2235 1334 2323; baseline -0.008 -19"><span class='ocrx_word' id='word_1_123' title='bbox 220 2257 315 2304; x_wconf 89' lang='lat' dir='ltr'><strong>mnes</strong></span> <span class='ocrx_word' id='word_1_124' title='bbox 345 2239 510 2314; x_wconf 84' lang='lat' dir='ltr'><strong>minimas,</strong></span> <span class='ocrx_word' id='word_1_125' title='bbox 534 2249 598 2304; x_wconf 88' lang='lat' dir='ltr'><strong>tam</strong></span> <span class='ocrx_word' id='word_1_126' title='bbox 618 2235 850 2323; x_wconf 87' lang='lat' dir='ltr'><strong>polymorphas</strong></span> <span class='ocrx_word' id='word_1_127' title='bbox 879 2249 911 2300; x_wconf 90' lang='lat' dir='ltr'><strong>et</strong></span> <span class='ocrx_word' id='word_1_128' title='bbox 934 2239 1087 2312; x_wconf 85' lang='lat' dir='ltr'><strong>incertas,</strong></span> <span class='ocrx_word' id='word_1_129' title='bbox 1116 2248 1149 2298; x_wconf 90' lang='lat' dir='ltr'><strong>nt</strong></span> <span class='ocrx_word' id='word_1_130' title='bbox 1173 2235 1229 2298; x_wconf 83' lang='lat' dir='ltr'><strong>vix</strong></span> <span class='ocrx_word' id='word_1_131' title='bbox 1247 2253 1334 2296; x_wconf 90' lang='lat' dir='ltr'><strong>oon-</strong></span> 
     </span>
     <span class='ocr_line' id='line_1_19' title="bbox 174 2327 1331 2425; baseline -0.004 -22"><span class='ocrx_word' id='word_1_132' title='bbox 174 2333 177 2341; x_wconf 44' lang='lat'>*</span> <span class='ocrx_word' id='word_1_133' title='bbox 223 2351 304 2414; x_wconf 85' lang='lat' dir='ltr'><strong>stet,</strong></span> <span class='ocrx_word' id='word_1_134' title='bbox 334 2360 375 2402; x_wconf 90' lang='lat' dir='ltr'><strong>arr</strong></span> <span class='ocrx_word' id='word_1_135' title='bbox 400 2351 571 2404; x_wconf 81' lang='lat' dir='ltr'><strong>terrestres</strong></span> <span class='ocrx_word' id='word_1_136' title='bbox 597 2359 639 2402; x_wconf 90' lang='lat' dir='ltr'><strong>an</strong></span> <span class='ocrx_word' id='word_1_137' title='bbox 663 2340 849 2425; x_wconf 84' lang='lat' dir='ltr'><strong>aquaticae,</strong></span> <span class='ocrx_word' id='word_1_138' title='bbox 876 2359 919 2400; x_wconf 91' lang='lat' dir='ltr'><strong>an</strong></span> <span class='ocrx_word' id='word_1_139' title='bbox 943 2359 1009 2402; x_wconf 90' lang='lat' dir='ltr'><strong>non</strong></span> <span class='ocrx_word' id='word_1_140' title='bbox 1037 2327 1176 2424; x_wconf 79' lang='lat' dir='ltr'><strong>denique</strong></span> <span class='ocrx_word' id='word_1_141' title='bbox 1197 2334 1331 2400; x_wconf 88' lang='lat' dir='ltr'><strong>animal·</strong></span> 
     </span>
     <span class='ocr_line' id='line_1_20' title="bbox 223 2437 1330 2524; baseline -0.002 -22"><span class='ocrx_word' id='word_1_142' title='bbox 223 2437 294 2502; x_wconf 87' lang='lat' dir='ltr'><strong>cula</strong></span> <span class='ocrx_word' id='word_1_143' title='bbox 321 2438 373 2503; x_wconf 87' lang='lat' dir='ltr'><strong>vol</strong></span> <span class='ocrx_word' id='word_1_144' title='bbox 400 2440 575 2524; x_wconf 89' lang='lat' dir='ltr'><strong>primordia</strong></span> <span class='ocrx_word' id='word_1_145' title='bbox 597 2438 728 2506; x_wconf 88' lang='lat' dir='ltr'><strong>illorum</strong></span> <span class='ocrx_word' id='word_1_146' title='bbox 751 2437 930 2504; x_wconf 82' lang='lat' dir='ltr'><strong>aliorumve</strong></span> <span class='ocrx_word' id='word_1_147' title='bbox 960 2442 1043 2517; x_wconf 83' lang='lat' dir='ltr'><strong>sint,</strong></span> <span class='ocrx_word' id='word_1_148' title='bbox 1074 2459 1140 2504; x_wconf 89' lang='lat' dir='ltr'><strong>non</strong></span> <span class='ocrx_word' id='word_1_149' title='bbox 1163 2460 1330 2502; x_wconf 86' lang='lat' dir='ltr'><strong>enomera-</strong></span> 
     </span>
     <span class='ocr_line' id='line_1_21' title="bbox 221 2540 1330 2626; baseline -0.004 -20"><span class='ocrx_word' id='word_1_150' title='bbox 221 2543 341 2618; x_wconf 74' lang='lat' dir='ltr'><strong>verim,</strong></span> <span class='ocrx_word' id='word_1_151' title='bbox 374 2543 455 2604; x_wconf 89' lang='lat' dir='ltr'><strong>vitio</strong></span> <span class='ocrx_word' id='word_1_152' title='bbox 486 2540 565 2606; x_wconf 90' lang='lat' dir='ltr'><strong>mihi</strong></span> <span class='ocrx_word' id='word_1_153' title='bbox 599 2561 666 2608; x_wconf 87' lang='lat' dir='ltr'><strong>non</strong></span> <span class='ocrx_word' id='word_1_154' title='bbox 696 2553 824 2606; x_wconf 85' lang='lat' dir='ltr'><strong>vertent</strong></span> <span class='ocrx_word' id='word_1_155' title='bbox 851 2541 965 2606; x_wconf 85' lang='lat' dir='ltr'><strong>harum</strong></span> <span class='ocrx_word' id='word_1_156' title='bbox 996 2561 1102 2608; x_wconf 80' lang='lat' dir='ltr'><strong>rernm</strong></span> <span class='ocrx_word' id='word_1_157' title='bbox 1126 2540 1212 2626; x_wconf 83' lang='lat' dir='ltr'><strong>justi</strong></span> <span class='ocrx_word' id='word_1_158' title='bbox 1237 2544 1330 2604; x_wconf 83' lang='lat' dir='ltr'><strong>aesti-</strong></span> 
     </span>
     <span class='ocr_line' id='line_1_22' title="bbox 181 2641 1330 2732; baseline -0.005 -20"><span class='ocrx_word' id='word_1_159' title='bbox 181 2711 184 2718; x_wconf 89' lang='grc'>,</span> <span class='ocrx_word' id='word_1_160' title='bbox 221 2657 373 2712; x_wconf 85' lang='lat' dir='ltr'><strong>matores.</strong></span> <span class='ocrx_word' id='word_1_161' title='bbox 427 2641 609 2708; x_wconf 89' lang='lat' dir='ltr'><strong>Generihus</strong></span> <span class='ocrx_word' id='word_1_162' title='bbox 640 2643 829 2708; x_wconf 80' lang='lat' dir='ltr'><strong>Linnaeanis</strong></span> <span class='ocrx_word' id='word_1_163' title='bbox 865 2642 938 2709; x_wconf 90' lang='lat' dir='ltr'><strong>heio</strong></span> <span class='ocrx_word' id='word_1_164' title='bbox 965 2664 1092 2732; x_wconf 87' lang='lat' dir='ltr'><strong>qnoque</strong></span> <span class='ocrx_word' id='word_1_165' title='bbox 1123 2663 1174 2710; x_wconf 87' lang='lat' dir='ltr'><strong>me</strong></span> <span class='ocrx_word' id='word_1_166' title='bbox 1198 2645 1330 2710; x_wconf 85' lang='lat' dir='ltr'><strong>nimium</strong></span> 
     </span>
     <span class='ocr_line' id='line_1_23' title="bbox 221 2743 1331 2832; baseline -0.002 -22"><span class='ocrx_word' id='word_1_167' title='bbox 221 2745 410 2810; x_wconf 84' lang='lat' dir='ltr'><strong>adhaesisse</strong></span> <span class='ocrx_word' id='word_1_168' title='bbox 436 2743 529 2814; x_wconf 88' lang='lat' dir='ltr'><strong>multi</strong></span> <span class='ocrx_word' id='word_1_169' title='bbox 555 2747 627 2811; x_wconf 90' lang='lat' dir='ltr'><strong>sine</strong></span> <span class='ocrx_word' id='word_1_170' title='bbox 654 2743 753 2810; x_wconf 89' lang='lat' dir='ltr'><strong>dnbio</strong></span> <span class='ocrx_word' id='word_1_171' title='bbox 778 2745 926 2820; x_wconf 81' lang='lat' dir='ltr'><strong>oredent3</strong></span> <span class='ocrx_word' id='word_1_172' title='bbox 952 2744 1033 2812; x_wconf 91' lang='lat' dir='ltr'><strong>mihi</strong></span> <span class='ocrx_word' id='word_1_173' title='bbox 1054 2759 1162 2809; x_wconf 86' lang='lat' dir='ltr'><strong>tamen</strong></span> <span class='ocrx_word' id='word_1_174' title='bbox 1189 2765 1259 2809; x_wconf 89' lang='lat' dir='ltr'><strong>non</strong></span> <span class='ocrx_word' id='word_1_175' title='bbox 1279 2768 1331 2832; x_wconf 89' lang='lat' dir='ltr'><strong>pa·</strong></span> 
     </span>
     <span class='ocr_line' id='line_1_24' title="bbox 221 2845 1332 2938; baseline 0 -26"><span class='ocrx_word' id='word_1_176' title='bbox 221 2861 284 2925; x_wconf 89' lang='lat' dir='ltr'><strong>tet,</strong></span> <span class='ocrx_word' id='word_1_177' title='bbox 325 2869 381 2910; x_wconf 87' lang='lat' dir='ltr'><strong>our</strong></span> <span class='ocrx_word' id='word_1_178' title='bbox 420 2867 524 2931; x_wconf 81' lang='lat' dir='ltr'><strong>genus</strong></span> <span class='ocrx_word' id='word_1_179' title='bbox 561 2845 719 2914; x_wconf 88' lang='lat' dir='ltr'><strong>Liehenis</strong></span> <span class='ocrx_word' id='word_1_180' title='bbox 751 2850 855 2934; x_wconf 81' lang='lat' dir='ltr'><strong>magis</strong></span> <span class='ocrx_word' id='word_1_181' title='bbox 891 2851 936 2912; x_wconf 84' lang='lat' dir='ltr'><strong>sit</strong></span> <span class='ocrx_word' id='word_1_182' title='bbox 975 2847 1208 2912; x_wconf 83' lang='lat' dir='ltr'><strong>eliminandum</strong></span> <span class='ocrx_word' id='word_1_183' title='bbox 1238 2869 1332 2938; x_wconf 86' lang='lat' dir='ltr'><strong>quam</strong></span> 
     </span>
     <span class='ocr_line' id='line_1_25' title="bbox 218 2947 1333 3039; baseline 0.002 -29"><span class='ocrx_word' id='word_1_184' title='bbox 218 2971 277 3027; x_wconf 71' lang='lat' dir='ltr'><strong>px.</strong></span> <span class='ocrx_word' id='word_1_185' title='bbox 310 2971 360 3034; x_wconf 82' lang='lat' dir='ltr'><strong>gr.</strong></span> <span class='ocrx_word' id='word_1_186' title='bbox 391 2947 542 3027; x_wconf 86' lang='lat' dir='ltr'><strong>Geranii,</strong></span> <span class='ocrx_word' id='word_1_187' title='bbox 589 2970 661 3014; x_wconf 88' lang='lat' dir='ltr'><strong>eam</strong></span> <span class='ocrx_word' id='word_1_188' title='bbox 682 2947 802 3036; x_wconf 59' lang='lat' dir='ltr'><strong>,solam</strong></span> <span class='ocrx_word' id='word_1_189' title='bbox 835 2948 878 3018; x_wconf 91' lang='lat' dir='ltr'><strong>oh</strong></span> <span class='ocrx_word' id='word_1_190' title='bbox 912 2971 1059 3026; x_wconf 81' lang='lat' dir='ltr'><strong>onosma,</strong></span> <span class='ocrx_word' id='word_1_191' title='bbox 1099 2951 1188 3039; x_wconf 88' lang='lat' dir='ltr'><strong>quod</strong></span> <span class='ocrx_word' id='word_1_192' title='bbox 1214 2949 1333 3014; x_wconf 83' lang='lat' dir='ltr'><strong>multas</strong></span> 
     </span>
     <span class='ocr_line' id='line_1_26' title="bbox 221 3049 1332 3140; baseline 0 -26"><span class='ocrx_word' id='word_1_193' title='bbox 221 3053 349 3136; x_wconf 86' lang='lat' dir='ltr'><strong>speeies</strong></span> <span class='ocrx_word' id='word_1_194' title='bbox 381 3050 422 3115; x_wconf 89' lang='lat' dir='ltr'><strong>ad</strong></span> <span class='ocrx_word' id='word_1_195' title='bbox 452 3050 518 3114; x_wconf 87' lang='lat' dir='ltr'><strong>alia</strong></span> <span class='ocrx_word' id='word_1_196' title='bbox 547 3071 670 3136; x_wconf 82' lang='lat' dir='ltr'><strong>genera</strong></span> <span class='ocrx_word' id='word_1_197' title='bbox 695 3049 885 3140; x_wconf 84' lang='lat' dir='ltr'><strong>plerumque</strong></span> <span class='ocrx_word' id='word_1_198' title='bbox 913 3073 999 3116; x_wconf 81' lang='lat' dir='ltr'><strong>nova</strong></span> <span class='ocrx_word' id='word_1_199' title='bbox 1025 3050 1100 3139; x_wconf 87' lang='lat' dir='ltr'><strong>plus</strong></span> <span class='ocrx_word' id='word_1_200' title='bbox 1125 3055 1233 3116; x_wconf 85' lang='lat' dir='ltr'><strong>ntinns</strong></span> <span class='ocrx_word' id='word_1_201' title='bbox 1261 3073 1332 3138; x_wconf 85' lang='lat' dir='ltr'><strong>pro·</strong></span> 
     </span>
     <span class='ocr_line' id='line_1_27' title="bbox 221 3151 1333 3242; baseline 0 -24"><span class='ocrx_word' id='word_1_202' title='bbox 221 3151 390 3219; x_wconf 88' lang='lat' dir='ltr'><strong>hlomatioe</strong></span> <span class='ocrx_word' id='word_1_203' title='bbox 426 3165 592 3220; x_wconf 80' lang='lat' dir='ltr'><strong>exstructa</strong></span> <span class='ocrx_word' id='word_1_204' title='bbox 626 3155 691 3242; x_wconf 81' lang='lat' dir='ltr'><strong>jam</strong></span> <span class='ocrx_word' id='word_1_205' title='bbox 718 3153 838 3224; x_wconf 85' lang='lat' dir='ltr'><strong>relatas</strong></span> <span class='ocrx_word' id='word_1_206' title='bbox 865 3155 1026 3237; x_wconf 76' lang='lat' dir='ltr'><strong>atttisetit,</strong></span> <span class='ocrx_word' id='word_1_207' title='bbox 1059 3175 1133 3223; x_wconf 88' lang='lat' dir='ltr'><strong>oum</strong></span> <span class='ocrx_word' id='word_1_208' title='bbox 1153 3153 1265 3222; x_wconf 83' lang='lat' dir='ltr'><strong>nihilo·</strong></span> <span class='ocrx_word' id='word_1_209' title='bbox 1290 3169 1333 3218; x_wconf 88' lang='lat' dir='ltr'><strong>ta·</strong></span> 
     </span>
    </p>
   </div>
   <div class='ocr_carea' id='block_1_5' title="bbox 218 3285 390 3314">
    <p class='ocr_par' dir='ltr' id='par_1_6' title="bbox 218 3285 390 3314">
     <span class='ocr_line' id='line_1_28' title="bbox 218 3285 390 3314; baseline 0.012 -2"><span class='ocrx_word' id='word_1_210' title='bbox 218 3285 390 3314; x_wconf 46' lang='grc' dir='ltr'><strong>Ὴ-ιι-ι-ο</strong></span> 
     </span>
    </p>
   </div>
   <div class='ocr_carea' id='block_1_6' title="bbox 301 3383 1334 4060">
    <p class='ocr_par' dir='ltr' id='par_1_7' title="bbox 301 3383 1334 4060">
     <span class='ocr_line' id='line_1_29' title="bbox 304 3383 1334 3454; baseline 0.001 -21"><span class='ocrx_word' id='word_1_211' title='bbox 304 3383 355 3433; x_wconf 80' lang='lat' dir='ltr'><strong>cies</strong></span> <span class='ocrx_word' id='word_1_212' title='bbox 378 3390 482 3448; x_wconf 84' lang='lat' dir='ltr'><strong>propter</strong></span> <span class='ocrx_word' id='word_1_213' title='bbox 505 3383 629 3434; x_wconf 78' lang='lat' dir='ltr'><strong>corollam</strong></span> <span class='ocrx_word' id='word_1_214' title='bbox 647 3388 705 3454; x_wconf 81' lang='lat' dir='ltr'><strong>plus</strong></span> <span class='ocrx_word' id='word_1_215' title='bbox 723 3386 807 3438; x_wconf 85' lang='lat' dir='ltr'><strong>minrrs</strong></span> <span class='ocrx_word' id='word_1_216' title='bbox 831 3384 953 3452; x_wconf 78' lang='lat' dir='ltr'><strong>grandem</strong></span> <span class='ocrx_word' id='word_1_217' title='bbox 967 3385 1059 3439; x_wconf 79' lang='lat' dir='ltr'><strong>hetam</strong></span> <span class='ocrx_word' id='word_1_218' title='bbox 1075 3399 1100 3438; x_wconf 87' lang='lat' dir='ltr'><strong>et</strong></span> <span class='ocrx_word' id='word_1_219' title='bbox 1111 3385 1171 3439; x_wconf 88' lang='lat' dir='ltr'><strong>inde</strong></span> <span class='ocrx_word' id='word_1_220' title='bbox 1185 3385 1265 3438; x_wconf 82' lang='lat' dir='ltr'><strong>etiam</strong></span> <span class='ocrx_word' id='word_1_221' title='bbox 1277 3387 1334 3454; x_wconf 81' lang='lat' dir='ltr'><strong>plns</strong></span> 
     </span>
     <span class='ocr_line' id='line_1_30' title="bbox 304 3467 1333 3541; baseline 0.002 -21"><span class='ocrx_word' id='word_1_222' title='bbox 304 3469 389 3520; x_wconf 80' lang='lat' dir='ltr'><strong>ntinor</strong></span> <span class='ocrx_word' id='word_1_223' title='bbox 408 3467 474 3518; x_wconf 85' lang='lat' dir='ltr'><strong>iobis</strong></span> <span class='ocrx_word' id='word_1_224' title='bbox 498 3472 660 3536; x_wconf 81' lang='lat' dir='ltr'><strong>emarginatis</strong></span> <span class='ocrx_word' id='word_1_225' title='bbox 679 3473 821 3541; x_wconf 82' lang='lat' dir='ltr'><strong>praeditam</strong></span> <span class='ocrx_word' id='word_1_226' title='bbox 841 3473 922 3539; x_wconf 80' lang='lat' dir='ltr'><strong>magis</strong></span> <span class='ocrx_word' id='word_1_227' title='bbox 942 3471 1061 3526; x_wconf 82' lang='lat' dir='ltr'><strong>dirimere</strong></span> <span class='ocrx_word' id='word_1_228' title='bbox 1077 3489 1152 3528; x_wconf 80' lang='lat' dir='ltr'><strong>ansus</strong></span> <span class='ocrx_word' id='word_1_229' title='bbox 1174 3489 1234 3524; x_wconf 82' lang='lat' dir='ltr'><strong>sum</strong></span> <span class='ocrx_word' id='word_1_230' title='bbox 1255 3489 1333 3540; x_wconf 74' lang='lat' dir='ltr'><strong>quam</strong></span> 
     </span>
     <span class='ocr_line' id='line_1_31' title="bbox 301 3554 1333 3632; baseline 0.001 -23"><span class='ocrx_word' id='word_1_231' title='bbox 301 3554 456 3609; x_wconf 63' lang='lat' dir='ltr'><strong>maman.</strong></span> <span class='ocrx_word' id='word_1_232' title='bbox 500 3557 532 3608; x_wconf 89' lang='lat' dir='ltr'><strong>In</strong></span> <span class='ocrx_word' id='word_1_233' title='bbox 558 3557 612 3608; x_wconf 82' lang='lat' dir='ltr'><strong>eliis</strong></span> <span class='ocrx_word' id='word_1_234' title='bbox 638 3559 713 3610; x_wconf 86' lang='lat' dir='ltr'><strong>tubus</strong></span> <span class='ocrx_word' id='word_1_235' title='bbox 740 3561 885 3632; x_wconf 65' lang='lat' dir='ltr'><strong>elongatur,</strong></span> <span class='ocrx_word' id='word_1_236' title='bbox 915 3559 962 3612; x_wconf 90' lang='lat' dir='ltr'><strong>sed</strong></span> <span class='ocrx_word' id='word_1_237' title='bbox 986 3561 1081 3614; x_wconf 76' lang='lat' dir='ltr'><strong>linibus</strong></span> <span class='ocrx_word' id='word_1_238' title='bbox 1110 3558 1201 3612; x_wconf 82' lang='lat' dir='ltr'><strong>eadem</strong></span> <span class='ocrx_word' id='word_1_239' title='bbox 1220 3573 1333 3628; x_wconf 77' lang='lat' dir='ltr'><strong>propor-</strong></span> 
     </span>
     <span class='ocr_line' id='line_1_32' title="bbox 307 3640 1331 3714; baseline 0.01 -22"><span class='ocrx_word' id='word_1_240' title='bbox 307 3643 376 3694; x_wconf 84' lang='lat' dir='ltr'><strong>tione</strong></span> <span class='ocrx_word' id='word_1_241' title='bbox 399 3640 498 3694; x_wconf 83' lang='lat' dir='ltr'><strong>brerior</strong></span> <span class='ocrx_word' id='word_1_242' title='bbox 517 3641 615 3704; x_wconf 82' lang='lat' dir='ltr'><strong>evadit,</strong></span> <span class='ocrx_word' id='word_1_243' title='bbox 647 3657 676 3698; x_wconf 85' lang='lat' dir='ltr'><strong>ut</strong></span> <span class='ocrx_word' id='word_1_244' title='bbox 703 3645 731 3696; x_wconf 83' lang='lat' dir='ltr'><strong>iu</strong></span> <span class='ocrx_word' id='word_1_245' title='bbox 756 3645 970 3714; x_wconf 75' lang='lat' dir='ltr'><strong>Erythraeis,</strong></span> <span class='ocrx_word' id='word_1_246' title='bbox 996 3647 1180 3708; x_wconf 58' lang='lat' dir='ltr'><strong>Primum,</strong></span> <span class='ocrx_word' id='word_1_247' title='bbox 1202 3645 1331 3696; x_wconf 82' lang='lat' dir='ltr'><strong>Hotto·</strong></span> 
     </span>
     <span class='ocr_line' id='line_1_33' title="bbox 302 3729 1331 3802; baseline 0.002 -22"><span class='ocrx_word' id='word_1_248' title='bbox 302 3730 368 3780; x_wconf 84' lang='lat' dir='ltr'><strong>nia.</strong></span> <span class='ocrx_word' id='word_1_249' title='bbox 411 3729 541 3780; x_wconf 76' lang='lat' dir='ltr'><strong>Exsistunt</strong></span> <span class='ocrx_word' id='word_1_250' title='bbox 567 3731 631 3780; x_wconf 84' lang='lat' dir='ltr'><strong>inter</strong></span> <span class='ocrx_word' id='word_1_251' title='bbox 655 3729 887 3800; x_wconf 78' lang='lat' dir='ltr'><strong>Campenulss</strong></span> <span class='ocrx_word' id='word_1_252' title='bbox 915 3735 1044 3786; x_wconf 79' lang='lat' dir='ltr'><strong>varietates</strong></span> <span class='ocrx_word' id='word_1_253' title='bbox 1071 3735 1219 3802; x_wconf 72' lang='lat' dir='ltr'><strong>perviderat</strong></span> <span class='ocrx_word' id='word_1_254' title='bbox 1241 3751 1331 3799; x_wconf 78' lang='lat' dir='ltr'><strong>partun</strong></span> 
     </span>
     <span class='ocr_line' id='line_1_34' title="bbox 303 3815 1330 3886; baseline 0.001 -18"><span class='ocrx_word' id='word_1_255' title='bbox 303 3816 443 3868; x_wconf 86' lang='lat' dir='ltr'><strong>adrrrodnm</strong></span> <span class='ocrx_word' id='word_1_256' title='bbox 468 3815 599 3868; x_wconf 75' lang='lat' dir='ltr'><strong>notabiles.</strong></span> <span class='ocrx_word' id='word_1_257' title='bbox 644 3817 756 3884; x_wconf 77' lang='lat' dir='ltr'><strong>Quantas</strong></span> <span class='ocrx_word' id='word_1_258' title='bbox 778 3817 930 3868; x_wconf 83' lang='lat' dir='ltr'><strong>mutationes</strong></span> <span class='ocrx_word' id='word_1_259' title='bbox 950 3831 1065 3886; x_wconf 79' lang='lat' dir='ltr'><strong>respectu</strong></span> <span class='ocrx_word' id='word_1_260' title='bbox 1086 3818 1271 3886; x_wconf 77' lang='lat' dir='ltr'><strong>magnitudinis</strong></span> <span class='ocrx_word' id='word_1_261' title='bbox 1288 3839 1330 3869; x_wconf 87' lang='lat' dir='ltr'><strong>co-</strong></span> 
     </span>
     <span class='ocr_line' id='line_1_35' title="bbox 302 3901 1330 3972; baseline 0.002 -18"><span class='ocrx_word' id='word_1_262' title='bbox 302 3905 380 3954; x_wconf 78' lang='lat' dir='ltr'><strong>rollae</strong></span> <span class='ocrx_word' id='word_1_263' title='bbox 400 3904 508 3954; x_wconf 85' lang='lat' dir='ltr'><strong>srrheunt</strong></span> <span class='ocrx_word' id='word_1_264' title='bbox 527 3901 616 3952; x_wconf 82' lang='lat' dir='ltr'><strong>hantis</strong></span> <span class='ocrx_word' id='word_1_265' title='bbox 636 3914 661 3951; x_wconf 91' lang='lat' dir='ltr'><strong>et</strong></span> <span class='ocrx_word' id='word_1_266' title='bbox 683 3903 865 3972; x_wconf 72' lang='lat' dir='ltr'><strong>Gnioopsides,</strong></span> <span class='ocrx_word' id='word_1_267' title='bbox 888 3904 949 3956; x_wconf 84' lang='lat' dir='ltr'><strong>item</strong></span> <span class='ocrx_word' id='word_1_268' title='bbox 966 3905 1137 3960; x_wconf 81' lang='lat' dir='ltr'><strong>Ithirranthus!</strong></span> <span class='ocrx_word' id='word_1_269' title='bbox 1166 3905 1252 3956; x_wconf 84' lang='lat' dir='ltr'><strong>Etiam</strong></span> <span class='ocrx_word' id='word_1_270' title='bbox 1266 3905 1330 3957; x_wconf 74' lang='grc' dir='ltr'><strong>Τη-</strong></span> 
     </span>
     <span class='ocr_line' id='line_1_36' title="bbox 302 3987 897 4060; baseline 0.003 -22"><span class='ocrx_word' id='word_1_271' title='bbox 302 4007 419 4060; x_wconf 72' lang='lat' dir='ltr'><strong>gopogon</strong></span> <span class='ocrx_word' id='word_1_272' title='bbox 444 3989 492 4038; x_wconf 85' lang='lat' dir='ltr'><strong>hoe</strong></span> <span class='ocrx_word' id='word_1_273' title='bbox 512 3987 590 4037; x_wconf 88' lang='lat' dir='ltr'><strong>modo</strong></span> <span class='ocrx_word' id='word_1_274' title='bbox 614 3989 686 4044; x_wconf 72' lang='lat' dir='ltr'><strong>stride</strong></span> <span class='ocrx_word' id='word_1_275' title='bbox 706 3989 831 4042; x_wconf 72' lang='lat' dir='ltr'><strong>variabilia</strong></span> <span class='ocrx_word' id='word_1_276' title='bbox 853 4001 897 4040; x_wconf 81' lang='lat' dir='ltr'><strong>est.</strong></span> 
     </span>
    </p>
   </div>
   <div class='ocr_carea' id='block_1_7' title="bbox 0 0 1358 4682">
    <p class='ocr_par' dir='ltr' id='par_1_8' title="bbox 0 0 1358 4682">
     <span class='ocr_line' id='line_1_37' title="bbox 0 0 1358 4682; baseline 0 0"><span class='ocrx_word' id='word_1_277' title='bbox 0 0 1358 4682; x_wconf 95' lang='lat' dir='ltr'><strong> </strong></span> 
     </span>
    </p>
   </div>
  </div>
 </body>
</html>
