2708 4682
229 321 294 378 m
514 321 848 417 consorores
899 319 1057 374 nsunt
1144 289 1219 420 '⁸'

219 529 357 591 ἐιιιιιιιι,
397 513 491 598 quasi
524 515 737 599 exceptiones
775 509 830 578 v'el
864 499 1121 578 modificationes
1153 503 1316 598 regulam

228 611 432 701 generalium
454 611 664 696 efficientem,
689 617 787 704 idque
808 637 937 700 semper
961 609 1191 679 descendendo
1217 631 1242 674 a
1267 635 1302 673 sn

228 717 291 781 mis
321 714 451 803 alpibus
487 732 676 804 summoque
709 718 950 802 septentrione,
986 716 1042 780 ubi
1075 716 1185 779 omnia
1221 715 1325 798 simpli

229 818 319 900 oiorri
357 837 395 882 se
434 821 572 896 sistunt,
609 833 641 882 et
670 819 876 905 procedendo
897 803 954 883 'ad
985 819 1140 882 inferiora
1171 819 1340 902 magisque

227 918 454 985 meridionalia
481 919 555 984 loca
581 921 725 984 rationes
750 924 855 1007 magis
882 923 1077 1006 compositas
1105 916 1312 982 exhibentia.
1334 948 1340 967 ι

328 1022 494 1108 Alpium
530 1026 744 1088 cacumina
773 1021 978 1110 glacialia
1011 1024 1046 1086 in
1076 1034 1109 1085 et
1138 1022 1228 1084 circa
1261 1019 1339 1082 sut

226 1116 325 1190 telma
362 1125 555 1210 praesertim
585 1127 648 1188 sita
677 1138 770 1203 sunt,
810 1124 867 1214 uiri
897 1127 988 1208 adest
1021 1121 1161 1187 elevatio
1197 1125 1339 1190 manino¹

225 1229 321 1313 regni
360 1229 456 1291 5705
485 1227 560 1314 ped.
588 1229 686 1312 paris.
714 1229 890 1292 secundum
913 1227 1058 1312 nltimam
1083 1238 1231 1290 nostram
1260 1248 1339 1288 con-³

225 1330 427 1416 putationem
459 1333 635 1414 attingens.
693 1329 747 1394 Ex
782 1329 842 1392 hac
870 1328 976 1392 media
1005 1341 1037 1391 et
1062 1327 1222 1392 altissima
1252 1345 1340 1412 pom

226 1429 335 1516 alpini·
351 1432 423 1516 jugi
445 1427 627 1495 subsImilia
642 1433 807 1496 cacumina
821 1433 896 1496 dein
912 1431 1004 1518 quasi
1019 1429 1168 1516 dispersa
1184 1447 1264 1492 sunt
1277 1443 1340 1492 turn

107 1584 112 1596 .
144 1589 147 1604 ,
225 1554 342 1597 versus
373 1531 442 1596 ΝΟ·
471 1547 539 1597 turn
569 1530 639 1610 SV,
674 1536 720 1595 ita
753 1545 878 1612 tamen,
910 1546 946 1606 ut
975 1531 1057 1596 mari
1084 1531 1238 1618 utrinque
1269 1554 1331 1617 pro

225 1639 320 1722 plora
357 1631 456 1711 fiunt,
490 1655 594 1720 usque
632 1634 706 1698 dum
744 1649 840 1698 extra
867 1633 1051 1718 Altenfjord
1081 1631 1282 1698 Finmarkite
1308 1650 1331 1696 ct

226 1737 268 1800 ad
293 1735 437 1800 Konnen
458 1733 668 1800 Nordlandiee
693 1735 915 1800 meridionalis
939 1740 1070 1801 omnino
1094 1734 1248 1822 glacialia
1267 1744 1330 1799 e'sse

227 1852 368 1902 cessant.
420 1835 473 1904 ob
499 1839 654 1920 eximiam
677 1836 900 1903 humiditatem
926 1834 1060 1902 aestatis
1074 1831 1193 1902 varias
1209 1837 1331 1924 plantas

159 1993 161 1998 ,
225 1939 321 2004 valde
361 1941 509 2024 proprias
547 1937 667 2006 habent
699 1952 735 2002 ut
768 1934 1331 2027 llanunculum'glacialem,

226 2041 476 2124 Gentianam
501 2040 744 2128 glacialem,
774 2040 950 2109 Drabam
977 2039 1170 2129 alpinam.

327 2143 457 2230 Alpes
485 2141 651 2208 nivales
678 2145 785 2210 dicere
810 2147 972 2222 convenit,
997 2144 1054 2209 ubi
1077 2148 1138 2209 nix
1152 2146 1254 2208 omnis
1273 2167 1334 2231 per

226 2259 328 2312 totam
358 2259 514 2316 aestatem
546 2270 612 2311 non
644 2246 781 2314 solvitur
812 2262 844 2312 et
874 2247 931 2311 ubi
961 2249 1070 2334 itaque
1102 2269 1181 2335 aqua
1211 2245 1335 2312 nivalis

226 2348 347 2435 ultique
376 2347 491 2412 diffluit
522 2343 576 2411 vel
613 2347 727 2412 saltem
757 2333 980 2414 humiditatem
1015 2347 1123 2414 efficit.
1179 2345 1251 2413 Hae
1288 2365 1332 2413 ta·

227 2471 302 2514 men
330 2447 420 2536 alpes
444 2437 510 2530 non
535 2471 662 2536 semper
687 2471 800 2514 omnes
826 2453 1046 2515 terminum
1073 2452 1120 2515 sic
1135 2450 1257 2516 dictum
1280 2456 1331 2516 ni-

225 2551 359 2616 valem
398 2545 467 2637 (ubi
494 2552 555 2616 nix
578 2565 737 2638 perpetua
768 2555 926 2638 maj0rem
953 2567 1079 2640 partem
1110 2568 1216 2617 terrae
1243 2555 1331 2641 tegit)

226 2657 403 2742 attingunt,
427 2655 485 2717 sed
506 2653 696 2741 plerumque
714 2656 750 2718 in
767 2658 903 2742 regione
919 2643 1041 2742 alpium
1058 2654 1214 2722 nivalium
1236 2659 1331 2744 quod-

161 2815 163 2828 ,
226 2758 300 2824 dant
332 2769 454 2820 tantum
491 2778 644 2820 cacumen
675 2760 808 2822 exsistit
837 2756 930 2822 illum
961 2762 1137 2848 terminum
1164 2780 1330 2844 superans.

226 2857 281 2922 Sic
314 2861 399 2923 inter
431 2857 654 2942 Herjedaliam
687 2871 720 2922 et
752 2839 980 2926 Jomtlandiam
1014 2860 1122 2948 alpem
1154 2858 1330 2949 Syltoppen

225 2959 395 3026 altitudine
433 2963 530 3024 5460
566 2961 640 3045 ped.
670 2965 770 3046 paris.
806 2966 977 3027 terminum
1009 2965 1128 3050 dictum
1161 2985 1329 3049 superare,

226 3063 335 3149 itaque
365 3061 482 3126 mul-tas
514 3061 605 3149 alpes
637 3061 763 3130 nivales
790 3068 996 3130 circumcirca
1018 3063 1145 3130 efficere
1168 3061 1221 3129 vel
1242 3071 1330 3156 qnasi

203 3163 266 3227 .ad
300 3185 335 3227 se
366 3163 521 3250 colligere
558 3167 695 3242 scimus;
738 3188 779 3231 au
809 3183 916 3233 autem
948 3165 1042 3253 alpes
1071 3169 1228 3256 quaedam
1255 3190 1329 3234 vere

150 3315 156 3334 ι
223 3264 350 3330 nivales
387 3268 421 3330 in
453 3262 645 3331 Dalecarliae
677 3264 797 3352 finibus
831 3273 1010 3348 exsistant,
1035 3293 1115 3358 ,pro
1145 3284 1233 3335 certo
1266 3294 1329 3336 non

225 3379 397 3454 expertum
432 3365 599 3434 habemus.
665 3368 793 3436 Versus
826 3369 890 3436 ΝΟ
925 3371 1015 3459 alpe's
1046 3369 1173 3437 nivales
1203 3377 1330 3461 conspi—

226 3473 353 3534 ciuntur
390 3491 492 3557 usque
529 3475 570 3538 ad
597 3468 928 3551 Rastelraisse,1vix
956 3493 1036 3538 vero
1064 3473 1203 3540 ulterius
1232 3477 1329 3544 ullae.

224 3571 389 3656 Regiones
420 3572 585 3658 planiores
608 3597 724 3642 versus
750 3573 835 3662 alpis
860 3574 919 3640 illa
943 3576 1119 3663 singularis
1144 3551 1329 3645 dreskntan

223 3695 335 3737 earum
357 3671 455 3739 finem
481 3679 658 3742 constituit.
710 3675 784 3742 Hae
808 3679 899 3762 alpes
923 3677 1051 3763 plantas
1077 3693 1097 3745 a
1121 3680 1329 3772 Linnaeotni·

223 3774 314 3839 vales
347 3776 447 3840 dictos
480 3782 653 3866 praecipue
687 3777 808 3844 habent
840 3793 878 3844 ut
901 3777 1188 3848 llanuncnlum
1215 3785 1328 3850 niva-

221 3875 318 3956 lem,
361 3877 628 3968 Saxilragam
657 3881 842 3946 nivalem
875 3895 909 3946 et
940 3903 1153 3963 cernuam,
1194 3882 1327 3954 Airam

222 3977 410 4068 alpinam.
