2708 4682
267 395 633 466 conteneant
683 395 841 462 annas
1065 397 1133 442 xcv

10 605 95 670 quae
127 580 212 648 locis
245 576 406 667 lapidosis
439 578 627 666 elatioribus
654 580 817 668 (ialium
842 561 1168 678 cancellato-,¹

10 691 57 752 cis
91 701 201 750 antem
225 681 353 751 limosis
380 705 496 748 versus
518 683 623 748 litora·
637 687 735 748 mari
760 683 1030 770 Rannncnlns
1058 684 1134 750 be-

10 793 233 854 deraceus.
296 784 374 863 .an
411 790 517 872 magis
556 785 680 850 Scaniae
723 786 775 854 vol
807 791 918 882 potins
950 758 1136 873 angustiori

10 893 59 958 illi
98 893 317 978 transgressui
342 902 513 954 ventorum
550 892 635 954 inter
663 887 775 956 sinum‘
795 890 984 975 Lagensem
1000 898 1048 955 'et
1070 887 1131 954 flu-

10 1017 84 1060 men
116 990 245 1080 Helgeri
269 995 421 1080 propior,
454 1013 493 1056 eo
510 993 622 1057 ,etiam
644 994 750 1077 magis
776 991 954 1079 singularis
979 993 1051 1074 ejus
1075 1014 1129 1055 ve-

10 1098 133 1184 getatio
176 1098 358 1182 generatim
391 1095 510 1158 evadit.
570 1093 725 1158 Ceterum
761 1116 865 1180 propa
898 1095 1050 1160 Scaniarn
1081 1097 1133 1156 in-

10 1201 152 1287 signitur
174 1196 322 1262 Solani
346 1199 460 1284 nigri
481 1217 567 1259 narr.
589 1193 698 1260 baccis
722 1196 875 1260 coloratis
900 1210 932 1260 et
953 1194 1148 1281 Mespili·

10 1303 289 1370 Cotoncastri
321 1307 406 1364 varr.
435 1295 653 1371 discoloribus
686 1317 748 1360 nec
775 1319 842 1360 non
879 1298 955 1362 Gei
979 1298 1150 1364 urbani.

10 1401 313 1478 deformationibus,
341 1422 425 1487 quae
440 1398 538 1482 hujus
565 1419 642 1462 orae
666 1400 809 1462 maxime
834 1397 1044 1472 occidentalis
1068 1403 1130 1464 ex‘·

10 1511 97 1572 tionis
124 1501 346 1592 processubns
373 1498 616 1576 adscribendae,
649 1500 689 1584 ad
715 1521 795 1586 quas
818 1503 1034 1587 proprietates
1061 1502 1158 1584 sor-¹

10 1631 67 1672 san
105 1611 203 1672 etiam
234 1606 340 1686 major
366 1605 459 1688 copia
487 1615 519 1665 et
546 1604 718 1666 saturatior
741 1601 833 1669 color
856 1602 1004 1667 Paniai
1030 1619 1128 1666 san·

10 1693 202 1796 g¹vinalis
228 1707 378 1790 pertinet.
672 1779 683 1790 ι
775 1763 781 1773 ,
991 1785 996 1790 ¹

114 1811 283 1883 Scania,
325 1806 477 1894 angulum
511 1805 756 1892 meridionalem
785 1809 881 1894 regni
907 1809 1127 1885 constituens,
1161 1879 1163 1892 Ι

10 1916 109 1977 stiam
146 1913 232 1975 omni
256 1929 360 1998 'sensu
386 1925 417 1974 et
442 1907 658 1996 quadrilatera
686 1913 719 1974 'et
743 1910 967 1996 quadrangula
993 1912 1127 1996 provin·

10 2019 76 2092 cia,
115 2013 270 2105 abwcmn'i
301 2032 359 2078 ora
387 2013 465 2098 quid
490 2013 654 2096 recipiens
677 2011 732 2076 vel
760 2015 928 2089 emittens,
963 2013 1128 2082 censenda

10 2132 80 2182 est:
119 2115 172 2182 Ad
199 2112 354 2201 angulum
385 2133 480 2177 snum
509 2111 1021 2199 occidentali-septentrionalem
1046 2113 1129 2184 Hal·

10 2221 131 2284 landiac·
162 2221 243 2282 satis
275 2214 392 2281 similis
427 2233 501 2278 csse
536 2216 708 2299 reperitur.
758 2214 842 2283 ,Pars
873 2237 950 2280 vcro
978 2215 1128 2282 occiden-
1169 2235 1174 2240 '

10 2315 308 2392 tali-meridionalis
331 2318 474 2382 onmium
493 2317 636 2380 maxime
659 2315 757 2403 plana
774 2316 956 2404 fartilisqne
979 2317 1128 2402 Crepi-

10 2427 53 2488 ie
80 2421 245 2498 bienni,
274 2416 463 2484 Trifolio
491 2419 646 2483 striato
674 2433 735 2482 etc.
757 2422 932 2506 insignata,
956 2421 1126 2487 itatarnen

10 2540 41 2591 nt
67 2527 208 2588 exsistat
229 2523 322 2608 regio
349 2524 486 2588 interior
512 2521 598 2584 circa
621 2518 801 2608 Skaberajb
816 2537 849 2588 et
864 2521 992 2588 Rcrliitt
1010 2526 1126 2588 animm

10 2626 314 2692 arenoso-'montosa
338 2621 445 2688 Acer
470 2635 706 2707 campestre
729 2638 762 2689 et
781 2623 1020 2711 Filaginem
1037 2647 1125 2713 ger-

10 2732 207 2794 manicam
231 2726 366 2804 iovens,
401 2739 543 2808 ceteram
568 2723 742 2811 palndibns
768 2727 1030 2811 profundissimis
1053 2730 1123 2795 iero

10 2830 212 2920 [iotlandicrs
240 2839 412 2892 excavata.
465 2825 615 2914 Angulns
641 2827 1048 2907 meridionali-orientalis,
1075 2831 1142 2900 sic,

10 2951 39 3000 nt
66 2947 170 2998 toturn
200 2929 285 2997 latus
310 2929 470 3018 orientale
498 2943 531 2994 ot
554 2932 747 3014 praesertim
776 2933 872 2996 sinus
897 2933 989 2996 ‘inter
1015 2935 1124 3018 ipsum

10 3053 36 3104 at
70 3035 301 3120 Blekingiam,
334 3031 500 3098 montibus
534 3033 603 3096 suia
638 3053 757 3106 arenas
786 3032 932 3098 volatilis
964 3017 1124 3119 utsupra

10 3141 78 3206 lixi
113 3138 263 3230 inprimis
297 3137 428 3202 ominet.
487 3131 577 3198 Intra
609 3132 672 3200 bos
703 3134 797 3200 adest
823 3138 918 3221 regio
944 3135 1124 3202 hincinde

10 3247 87 3334 nire
126 3239 316 3330 campestris
352 3249 385 3302 et
415 3233 530 3300 calida·
558 3239 665 3299 ventis
698 3229 810 3323 magis·
836 3251 990 3323 exempta
1015 3251 1048 3304 et
1071 3259 1124 3302 ca·

10 3345 77 3408 iore
108 3341 189 3407 solis
216 3339 334 3405 melius
360 3340 472 3404 fruens
499 3336 610 3402 forsan
633 3359 728 3425 quam
750 3338 818 3405 nlla
845 3340 911 3406 alia
936 3343 1104 3426 provincia
1113 3363 1131 3418 ;-
1155 3385 1158 3396 ·

10 3449 116 3532 itaque
139 3444 262 3530 plantis
287 3439 537 3507 australioribns
561 3441 672 3504 forsan
695 3442 883 3508 adventitiis
905 3463 960 3506 ex.
978 3465 1027 3531 gr.
1049 3442 1124 3510 Al-

10 3551 112 3636 sinoa
135 3550 333 3623 viscosae,
373 3541 625 3629 Euphorbiaa
657 3539 950 3630 Cyparissius,
987 3544 1122 3612 Asaro

10 3669 200 3732 europaeo
237 3639 334 3714 et'iam
362 3648 519 3733 perquam
545 3645 675 3711 idonea.
734 3647 825 3712 Alibi
852 3659 1003 3714 montosa
1027 3669 1121 3734 prac-

10 3757 104 3838 cipue
133 3749 390 3836 Galeopside
416 3745 680 3814 Galcobdolo
709 3763 851 3816 ornator.

110 3849 335 3941 Blekingia
372 3854 508 3916 interior
533 3854 640 3917 minus
665 3873 761 3937 quam
789 3875 891 3941 snpra
916 3853 1019 3920 dictae
1045 3870 1122 3935 pro·

10 3959 132 4026 cinciae
163 3975 184 4018 a
207 3955 404 4026 contermina
437 3952 627 4024 Smoiandic
657 3954 782 4034 differt,
804 3958 908 4042 ,cujus
934 3951 1121 4022 fluminibus
