2708 4682
102 327 105 334 ’
190 353 356 452 'suurn
499 311 845 454 'consenueris
899 357 1059 413 ιιιιιιιι

228 563 288 612 sus
298 541 507 656 plantarum
529 540 864 632 dirersisssimaruru.
883 540 1044 636 Aquae
1076 555 1254 628 praetcrea

229 631 321 732 priae
354 643 540 730 centrales,
562 659 599 714 ut
628 667 742 712 omues
773 648 912 724 scimus,
947 643 1083 712 lactibus
1116 639 1186 710 illis
1211 650 1311 710 ιιιιιιι·

229 745 494 828 {numerabilibus
506 745 664 815 Malaca
678 760 711 812 et
726 743 916 830 Hjelmaren
931 749 1182 834 constituuntur,
1197 750 1334 816 accede

230 848 318 918 tibus
340 849 417 916 inde
442 835 661 926 dilabentibus
685 847 804 914 fluviis.
842 847 936 930 Quae
958 870 1074 918 versas
1095 853 1336 934 septentrione·

110 955 114 961 ’
226 953 328 1043 J'uxta
354 949 417 1020 hos
440 951 637 1042 lacessitae
662 964 739 1016 suut
763 953 951 1040 provinciae
961 951 1067 1018 multo
1081 947 1221 1046 latiores
1240 952 1323 1038 etpl

231 1075 285 1122 res
313 1073 388 1121 esse
413 1049 632 1141 reperiuntur,
657 1073 754 1163 quant
781 1077 866 1142 quae
888 1053 930 1124 ad
943 1055 1111 1120 meridiem
1126 1053 1262 1131 adsunt,

232 1153 414 1226 naturalem
450 1153 492 1226 ob
520 1175 669 1234 causam,
685 1149 798 1244 quod
831 1177 934 1246 aquae
966 1159 1149 1248 generatim
1176 1159 1213 1224 in
1241 1156 1289 1223 Su
1328 1162 1340 1248 '¹

232 1249 302 1328 tota
326 1257 432 1346 magis
456 1271 477 1326 a
497 1259 719 1344 septentrione
745 1255 901 1326 defluunt.

335 1355 367 1426 U
375 1358 549 1450 plaudis
574 1363 658 1428 sicut
682 1361 851 1447 provincia
874 1361 1018 1428 maxime
1040 1357 1233 1444 orientalis,
1262 1339 1340 1444 eriri

234 1457 474 1550 quodammodo
509 1459 731 1552 peninsularis
768 1478 818 1542 et,
860 1476 898 1531 ut
936 1463 1224 1573 supradiximus,
1267 1461 1340 1570 qua

233 1562 323 1630 delta
361 1562 505 1630 fluminis
544 1563 758 1644 Dalecarliei,
795 1564 872 1633 hino
904 1564 1002 1632 etiam
1034 1567 1178 1632 omnium
1211 1533 1340 1632 maxim

234 1669 444 1754 campestris,
492 1647 563 1734 sere
608 1663 744 1734 alteram
794 1665 945 1736 Scaniam
990 1670 1168 1734 constituit.
1246 1667 1340 1760 Aqua

235 1783 313 1836 suas
338 1765 513 1858 plerasque
536 1768 579 1836 ad
603 1763 773 1853 Upsaliam
795 1781 948 1858 tanquam
974 1784 1120 1838 centrum
1145 1792 1227 1837 snae
1253 1771 1340 1856 plari

236 1869 295 1936 tiei
320 1867 447 1956 colligit
472 1881 507 1934 et
533 1869 610 1939 dein
638 1868 724 1937 lacni
749 1873 881 1956 proprio
910 1870 1018 1939 Ekoln
1045 1871 1131 1936 dicto
1156 1873 1276 1951 insert,
1308 1893 1340 1958 ιιι

236 1968 380 2060 denique
404 1991 477 2037 cum
490 1967 564 2035 lacu
589 1969 739 2036 Malaren
759 1973 910 2060 jungitur
933 1973 1003 2069 fere
1032 1971 1091 2042 tali
1114 1974 1200 2052 freto
1225 1997 1265 2042 ac
1290 1975 1340 2040 Ma

235 2072 333 2152 laren
363 2093 436 2140 eum
467 2075 560 2140 meri.
613 2071 789 2164 vegetatio
823 2077 897 2178 ejus
930 2097 1060 2168 quoque
1093 2099 1189 2168 quam
1212 2081 1340 2145 maxim

239 2173 410 2245 orientalis
450 2197 524 2245 oum
558 2171 703 2244 Salvia
739 2180 950 2270 pratensi,
988 2177 1181 2245 Fumaria
1211 2183 1340 2266 parvi

238 2275 352 2348 flora
384 2291 465 2355 ete,
506 2295 643 2366 quarum
682 2279 807 2347 similes
842 2283 952 2370 potius
984 2282 1019 2348 in
1047 2281 1166 2348 insulis
1189 2283 1340 2368 oppositu*

238 2378 337 2466 ssago
372 2392 407 2444 et
438 2323 523 2450 tirel
552 2375 754 2470 Estouiaque
782 2382 988 2473 quaerendae
1014 2405 1110 2471 quam
1137 2381 1263 2451 inulla
1294 2383 1340 2448 ali

212 2480 410 2569 ,provincia
442 2481 571 2547 Svccici
598 2482 710 2571 regoi;
752 2502 813 2550 nec
844 2485 944 2570 igitur
976 2485 1086 2552 credat
1118 2487 1208 2576 quis,
1244 2508 1340 2553 omne

240 2583 370 2674 plantas
395 2603 416 2649 a
438 2583 574 2650 meridie
599 2605 659 2672 per
683 2583 834 2652 Scaniam
855 2587 998 2652 venisse.
1050 2585 1102 2655 Ab
1128 2587 1283 2654 orientali
1306 2586 1340 2652 ill

240 2685 341 2776 plaga
362 2689 456 2776 quasi
481 2685 656 2754 atvertsse
681 2708 811 2777 qnoque
834 2689 986 2760 videntur
1008 2687 1273 2760 Scurellaria
1300 2690 1340 2754 hu

151 2813 156 2822 ·
242 2787 433 2868 emiolia,
465 2783 680 2857 Lavatera
711 2787 993 2878 thuringiaca.
1053 2791 1207 2859 Ceterum
1239 2793 1340 2860 multa

243 2889 376 2980 plantae
405 2905 602 2998 campestres
627 2889 701 2959 heic
726 2893 820 2978 quasi
849 2893 892 2960 ad
914 2897 1085 2960 terminum
1110 2917 1205 2962 suum
1231 2911 1340 2986 septen

185 3029 187 3032 ·
243 2992 417 3081 t'rionalem
443 2991 661 3085 aggregantur
688 2995 791 3064 sicut
798 2995 1002 3084 Fragaria
1031 2976 1212 3078 collina,
1244 2999 1340 3082 PolJ

195 3169 199 3181 ⁴
243 3093 342 3186 gala
371 3116 545 3167 comosa.
599 3094 768 3177 Quatenus
797 3095 1038 3184 Epilobium
1062 3099 1259 3169 rivulare
1292 3101 1340 3171 hei

246 3196 450 3268 solummodo
479 3201 657 3286 reperitur,
684 3203 791 3268 minus
817 3215 941 3269 certum
966 3203 1106 3271 videtur

228 3345 232 3358 ,
348 3297 623 3368 Vestmannia
657 3323 770 3370 omnes
797 3324 874 3370 suas
900 3323 1001 3395 aquas
1027 3325 1048 3371 a
1074 3309 1340 3393 septentrional

244 3399 396 3470 Mularen
426 3405 531 3490 magis
564 3403 685 3470 directe
717 3407 875 3496 perducit.
934 3405 1131 3476 Praesertim
1156 3411 1266 3494 major
1295 3412 1340 3496 eJ'u

248 3518 281 3570 et
310 3507 414 3591 magis
437 3509 627 3592 campestris
652 3504 710 3593 pai
713 3529 740 3585 s,
772 3531 869 3608 supra
897 3505 1046 3604 Malaren
1073 3511 1153 3590 sita,
1173 3509 1340 3598 Uplandia

248 3627 314 3676 non
352 3606 448 3674 valdo
481 3607 666 3692 dissimilis,
699 3612 763 3674 uisi
798 3611 902 3678 adhuc
929 3615 1035 3700 magis
1067 3611 1220 3680 lacustris
1257 3627 1340 3682 esset

248 3711 307 3780 scd
334 3710 545 3779 occidentalis
569 3713 641 3796 eJ'us
667 3715 812 3778 accessio
834 3735 949 3800 aquam
970 3737 1030 3802 per
1045 3710 1211 3804 Arlroga·⁰
1195 3739 1215 3782 a
1229 3723 1340 3784 mitten

249 3815 353 3900 magis
382 3825 549 3890 montosa,
582 3825 721 3878 attamen
755 3835 820 3877 non
855 3818 899 3880 ita
926 3829 961 3879 ut
987 3815 1218 3882 Vermlundiae
1244 3819 1340 3886 simili

250 3915 377 3992 arrodat,
401 3937 514 3982 verum
539 3918 647 4006 potius
672 3911 891 3984 Daleoarliam
913 3935 1062 4009 respectu
1089 3919 1154 3986 soli
1176 3934 1209 3988 ct
1227 3915 1340 4056 uegeta

252 4021 359 4090 tionis
375 4020 504 4088 reserat.
