2708 4682
391 403 548 452 atrro
588 375 771 472 dennis
1070 408 1142 458 xvrt

14 589 95 657 hus.
150 583 337 656 Brevitatis
354 603 471 656 tamen
494 565 593 656 banse
611 592 760 664 samoris
780 587 928 675 ejusdem
950 611 1060 680 opera,
1084 615 1141 660 va·

16 695 63 759 rio
97 711 203 778 scopo
237 689 341 758 simm
367 693 594 772 inservientia,
626 715 649 760 a
670 715 713 760 se
736 695 877 760 invicem
901 714 1054 782 separare
1080 699 1141 764 uix

14 787 118 860 uolui.
190 793 252 860 Sic·
293 795 454 862 itinera
488 794 733 875 Linnteana,
771 793 1007 865 habitationem
1040 819 1140 886 saepe

14 899 123 981 magis
158 918 258 983 qnam
288 897 395 982 ipsam
426 897 570 988 plantam
592 897 807 976 illustrantia,
840 899 927 964 inter
950 898 1076 987 reliqua
1104 921 1140 964 o-

14 1021 95 1084 pera
120 997 323 1064 Linneeana
349 1011 456 1065 tamen
480 999 596 1079 citavi,
629 1011 663 1066 et
688 999 798 1068 sicin
825 1002 962 1080 asteria,
996 1003 1044 1070 ita
1068 1001 1138 1066 scil.

14 1112 47 1162 ut
72 1103 195 1165 ceteris
226 1099 365 1186 paribus
392 1123 457 1190 quo
480 1105 585 1190 tnagis
614 1089 838 1188 systematicae
865 1101 1038 1171 citationes
1066 1127 1140 1168 een-

14 1218 126 1266 sentur
161 1222 204 1266 eo
237 1199 342 1268 aluus
366 1225 482 1270 verens
508 1205 724 1274 differentiam
750 1197 952 1291 specificam,
984 1223 1049 1294 quo
1072 1223 1140 1272 ma·

14 1307 64 1392 gis
96 1325 181 1392 pure
209 1299 343 1370 locales·
375 1324 415 1372 eo
445 1306 583 1372 inferius
610 1325 727 1373 versos
753 1301 985 1372 habitationem
1009 1311 1139 1397 positae
1186 1289 1202 1306 ⁶

14 1407 234 1492 reperiantur.
287 1401 341 1474 Ne
369 1407 422 1472 hic
451 1407 532 1474 ordo
561 1401 744 1474 turbaretur
769 1421 802 1476 et
827 1405 868 1473 de
893 1423 1001 1476 cetero
1027 1422 1063 1474 ιιι
1087 1411 1139 1476 ul·

14 1513 119 1574 terius
144 1508 225 1606 icco
250 1524 459 1596 parceretur,
490 1511 622 1592 nomina
647 1507 778 1576 dinem
801 1507 970 1577 auctorum
996 1529 1138 1599 quorun·

14 1611 132 1676 dam
122 1634 160 1676 m
190 1611 382 1697 parenthesi
410 1611 598 1698 postposui,
633 1612 699 1692 pisi
730 1629 849 1678 nomen
881 1599 946 1680 tarn
969 1608 1138 1682 illustrans

14 1725 47 1778 et
78 1711 218 1798 insig‘ne
245 1725 350 1791 esset,
383 1729 419 1778 ut
444 1716 609 1809 propriam
632 1709 755 1780 lineam
779 1710 1012 1804 merereturi).
1064 1713 1138 1784 Has
1179 1729 1181 1732 ’
1232 1757 1236 1768 =

14 1814 194 1880 citationes
218 1803 267 1878 sie
290 1813 391 1880 dictas
414 1803 651 1903 geographicas
671 1818 770 1888 etiam
783 1817 905 1884 modo
888 1837 959 1903 Jatn
973 1817 1135 1906 descripto
1227 1805 1232 1816 ’

16 1915 176 2002 adposui,
208 1935 252 1981 ne
280 1911 397 1982 dein
387 1936 423 1984 ιιι
450 1916 705 1984 habitationibus
738 1935 821 2006 opus
854 1931 943 1986 esset
966 1929 1031 1986 tarn
1053 1921 1136 1986 rnul·
1189 1991 1193 2004 ⁸

14 2033 84 2084 tum
111 2015 212 2106 spatii
239 2037 430 2086 consumere
456 2022 589 2085 nomina
611 2018 661 2085 ibi
685 2018 880 2107 adponenda
907 2025 1134 2104 inventorum,

14 2141 155 2209 quornm
177 2135 310 2206 reperta
334 2122 471 2211 visaque
500 2135 645 2188 ceterum
673 2119 709 2188 in
730 2122 902 2189 itineribus
924 2127 1007 2191 meis
1033 2145 1133 2213 saepe

15 2221 220 2290 confirmavi.
259 2221 298 2288 ln
324 2241 446 2309 genere
469 2221 640 2289 citationes
667 2237 801 2305 tanturn,
826 2244 912 2313 quae
936 2248 1007 2294 rem
1028 2227 1133 2316 ipsam

14 2327 197 2406 illustrant,
222 2324 399 2411 adjungere
423 2323 527 2412 potui,
555 2343 661 2412 nequa
687 2321 949 2394 solius'honoris
971 2323 1025 2394 uel
1048 2329 1133 2417 greti
1193 2329 1198 2342 '

16 2432 120 2494 animi
108 2427 274 2496 testandi
289 2449 387 2493 causa
402 2427 544 2494 chartam
557 2423 694 2516 perdere
707 2422 809 2494 volni.
847 2423 1020 2509 Ceterum,
1046 2447 1082 2498 tit
1096 2435 1132 2500 in

15 2528 192 2619 propatulo
215 2542 283 2608 est,
319 2529 525 2617 experientia
553 2529 697 2618 prup'ria
718 2527 753 2596 in
774 2527 849 2598 loeo
875 2533 1051 2622 aequisita,
1080 2549 1131 2601 ut·

16 2648 93 2718 pote
124 2632 323 2719 locupletior
359 2648 392 2698 et
424 2633 523 2720 genio
554 2635 655 2698 totius
689 2633 798 2718 operis
829 2637 932 2720 magis
960 2633 1145 2730 adaptata,

18 2736 96 2802 mihi
121 2738 353 2830 praestantior
365 2736 443 2812 init3
478 2735 554 2802 dein
580 2737 789 2824 experientia
813 2735 975 2806 subnixus
997 2757 1130 2804 sama·
1228 2785 1233 2807 .
1302 2791 1306 2798 .

98 2966 280 3040 specialissima
309 2963 454 3020 scaniae
491 2961 632 3032 desideret}
662 2963 762 3019 nonu
790 2953 887 3018 Lt'nti·
913 2954 946 3018 ιἰ.
970 2949 1055 3028 sehet.
1088 2985 1128 3006 u·
1190 2974 1194 2983 ’

101 3051 199 3124 (Gon.
215 3051 321 3122 -)etc
369 3053 425 3106 Hoc
449 3053 529 3106 modo
551 3055 596 3107 ills
621 3067 764 3123 umonyms
790 3061 843 3105 tam
856 3047 931 3105 utilia
950 3055 1129 3124 reperiuntur,

100 3145 131 3197 ιιιΙ
149 3159 198 3194 suo
220 3141 278 3194 loeo
298 3137 438 3194 eamdent
458 3139 563 3192 omnino
585 3141 732 3194 habemur

61 3235 87 3320 *)
117 3243 159 3297 Im
180 3260 270 3296 ornnes
293 3213 364 3296 carhs
391 3259 496 3312 geram,
523 3252 553 3295 ιιι
572 3240 651 3294 simui
679 3240 739 3294 icco
769 3251 912 3312 partenente
937 3249 962 3296 ιι
977 3255 1018 3294 ιιι
1040 3249 1127 3296 nmen

98 3328 231 3386 evidenter
251 3341 448 3401 proponeretur,
481 3327 585 3381 nullum
605 3325 670 3380 mibi
690 3329 814 3400 superfuit
830 3325 940 3400 spatium
963 3325 996 3382 ati
1015 3341 1043 3380 ee
1060 3345 1126 3398 ope-

98 3437 127 3472 ιι
155 3421 288 3470 vernacula
315 3413 454 3486 generatim
486 3412 598 3478 citanda,
628 3429 706 3484 qaae,
736 3428 890 3485 quamquem
899 3411 980 3474 uelde
1000 3413 1071 3468 utilis
1093 3409 1127 3468 od

98 3504 233 3559 scientiam
261 3504 342 3572 augit
368 3505 519 3575 populat-em
545 3499 716 3568 reddendam,
745 3513 832 3556 tumea
856 3517 914 3558 meo
941 3517 1019 3574 scopo
1040 3499 1126 3556 minus

99 3591 250 3656 neeman,
273 3594 357 3644 seran
379 3589 455 3644 etiem
474 3584 550 3657 genio
570 3585 639 3642 diae
658 3587 815 3658 tliqatnmm
831 3593 996 3660 repugnantia
1009 3592 1124 3644 fuerumt

99 3681 196 3748 icquar
216 3695 291 3748 opero
309 3674 528 3746 narrarent,
552 3671 766 3742 hiljchiodii
789 3688 850 3743 ete,
871 3692 935 3746 quae
957 3671 1126 3732 ceteromvix

99 3766 149 3820 nisi
179 3765 283 3820 nomine
305 3779 376 3822 antea
405 3763 479 3818 ιίιιιι
499 3771 524 3816 ιι
541 3758 598 3817 icco
618 3757 780 3819 habitationis
801 3761 945 3834 genualia,
967 3781 1046 3834 eaque
1068 3777 1150 3829 mss

100 3856 158 3926 pias
176 3855 217 3906 vel
234 3853 311 3908 nirnir
338 3871 402 3922 suge
416 3849 458 3906 vei
481 3846 590 3918 inante,
613 3848 751 3906 camaena

181 3943 277 4015 Flor.
298 3945 393 4016 Svec·
434 3941 664 4012 Introductis.
927 3937 961 4014 h.
