2708 4682
220 405 329 452 salvor
446 395 448 402 “
510 349 1056 479 cessissemusne

209 595 284 680 ⁸mie
305 604 455 660 montosa
471 593 607 670 ridetur,
628 593 868 678 vegetationem
882 595 986 679 magis
1000 604 1217 677 campestrem
1233 592 1335 680 (quan

72 691 77 700 ’
115 709 118 716 ’
182 716 185 722 ’
219 697 417 780 montanam)
443 693 550 771 habet,
577 685 648 760 com
671 707 786 772 contra
798 716 867 780 par.
883 695 1013 778 Femtjli
1028 697 1217 760 eminentiis
1233 701 1336 760 minos

176 859 181 866 .
219 799 404 882 conspicuis
424 782 584 883 insignita*
600 796 696 860 valde
717 799 868 861 monteri
888 799 1095 882 vegetatione
1113 798 1269 882 praedita
1290 803 1334 862 sit

128 943 131 950 -
164 981 166 989 J
217 899 326 964 Porro
352 897 592 964 observandum
616 901 858 984 vegetationem
881 882 1095 986 campestrem
1121 899 1162 964 ad
1183 899 1283 964 lacus
1311 917 1335 962 et

217 999 351 1066 flumina
377 1005 502 1086 majora
526 998 623 1064 altius
649 1001 847 1068 adscendere
875 1023 931 1065 ex.
954 1023 1004 1088 gr.
1031 999 1273 1066 Vermlandiae
1301 1004 1334 1066 al

125 1117 135 1130 ‘
217 1101 430 1180 Klarelfven,
455 1123 551 1189 qnam
578 1105 612 1165 in
637 1100 711 1167 loca
732 1103 959 1186 interjacentia
982 1123 1047 1179 non
1074 1106 1139 1166 nisi
1166 1107 1266 1190 aquis
1283 1109 1335 1168 mi·

215 1204 353 1270 neribus
386 1207 533 1291 praedita
564 1203 617 1270 vel
644 1205 885 1269 ferrimontana.
938 1204 1193 1293 Inaequalitatet
1223 1227 1332 1270 omnes

216 1310 288 1373 sive
317 1309 383 1370 sint
402 1307 516 1392 glarea
544 1310 614 1372 sive
638 1327 721 1370 saxo
749 1309 964 1398 constitutae,
990 1329 1074 1393 quae
1097 1300 1245 1372 minores
1266 1323 1333 1373 sont

178 1398 182 1405 ¹
217 1431 313 1504 qnam
343 1431 442 1495 supra
474 1411 597 1487 dietae,
629 1412 791 1474 montium
813 1410 945 1473 nornine
970 1411 1056 1492 jure«
1072 1411 1261 1498 meritoque
1286 1433 1333 1474 ve·

217 1515 287 1577 nire
310 1533 377 1575 non
400 1527 552 1597 possent,
580 1531 773 1597 quamquam
797 1509 925 1598 vulgari
950 1509 1061 1596 lingva
1089 1532 1190 1595 saepe
1216 1515 1266 1578 ita
1290 1537 1332 1576 sa·

214 1611 370 1678 latentur.
424 1615 478 1677 Sic
505 1634 561 1682 ex.
583 1635 633 1698 gr.
656 1609 802 1697 Upsaliae
826 1633 925 1697 rupes
946 1611 1237 1691 Godtsunrlenses,
1267 1615 1331 1678 vnl-

119 1725 124 1732 '
215 1737 258 1802 go
276 1721 412 1778 'montes
439 1717 560 1791 diotae,
588 1722 702 1798 ittpote
736 1717 807 1777 100
833 1713 972 1798 pedibus
998 1717 1058 1778 vix
1082 1713 1238 1794 altiores,
1269 1717 1333 1802 pla·

215 1819 329 1882 nitiem
357 1837 424 1882 non
447 1821 685 1902 interrumpunt
710 1814 764 1878 vel
787 1817 934 1898 ejusdem
955 1817 1106 1880 effectam
1125 1820 1330 1894 imminuunt,

100 1913 103 1922 ¹
214 1941 277 1984 nee
306 1917 393 1982 ullas
424 1917 552 2004 plantas
584 1916 773 2002 regionibus
807 1939 843 1980 re
873 1939 952 1982 vera
984 1922 1148 1982 montanis
1184 1925 1332 2006 proprias

216 2023 266 2107 (ut
292 2019 695 2105 Chrysosplenium‚
727 2017 975 2084 Stellariam
1003 2042 1234 2100 nemorum,
1265 2024 1332 2087 lm-

213 2125 452 2211 patientem
476 2120 578 2186 Noli
600 2133 792 2208 tangere,
816 2122 1026 2186 Listeram
1055 2138 1237 2203 oratam,
1266 2125 1333 2190 Hi-

215 2223 699 2312 eracium‘paludosom‚
742 2223 971 2288 Onoeleam
1000 2223 1267 2312 Strothiopt.)
1295 2251 1333 2290 a·

170 2339 193 2420 '⁸
213 2329 297 2394 lunt.
350 2327 460 2398 Saxa,
477 2330 602 2391 minora
639 2325 693 2390 vel
723 2324 873 2411 planiora
905 2322 1045 2414 ubique,
1086 2349 1146 2412 pro
1173 2331 1334 2392 eonstitu-

215 2435 307 2496 tione
342 2429 514 2515 geologica
544 2425 691 2515 generali
724 2441 829 2492 terrae
860 2427 1045 2506 Sveeanae‚
1074 2433 1109 2493 in
1131 2430 1330 2516 planitiebus

115 2535 118 2542 '
217 2536 394 2608 exsistant,
420 2534 466 2595 ita
490 2543 526 2595 ot
549 2532 609 2594 vix
633 2532 697 2594 nisi
720 2534 873 2616 regiones
896 2529 1099 2595 lormationis
1124 2537 1330 2618 transitionis

177 2639 182 2650 ‘
213 2633 270 2699 vel
300 2633 404 2698 adhuc
429 2635 580 2716 Juniores
606 2631 658 2696 lris
683 2647 834 2696 exenrtae
859 2633 935 2694 sint.
987 2633 1060 2698 Hae
1086 2637 1198 2722 itaque
1222 2640 1349 2722 regio-l

213 2757 275 2802 nes
295 2747 409 2821 utpote
435 2734 529 2799 valde
555 2734 739 2822 singulares
764 2745 833 2797 tum
854 2734 1110 2800 conformatione
1132 2735 1349 2826 plerumque*

212 2839 357 2927 planiori
389 2841 493 2924 magis
528 2851 669 2902 extensa
699 2825 766 2901 tut'n
797 2837 973 2922 praecipue
1005 2841 1241 2904 constitutione
1267 2857 1330 2906 ter·

212 2963 269 3006 rae
283 2941 312 3026 ⁸)
333 2941 403 3024 jam
427 2940 680 3005 considerandae
706 2948 792 3002 sunt.

263 3040 474 3128 Regio'ner
494 3041 765 3106 formationis
784 3043 1054 3106 transitionis
1076 3056 1117 3107 et
1138 3041 1216 3108 hac
1235 3047 1349 3131 ipsal

208 3147 424 3232 juniorum
447 3144 488 3210 ob
509 3158 676 3230 utramque
693 3143 763 3225 jam
784 3141 903 3208 dietam
923 3165 1054 3210 oausam
1074 3143 1205 3231 plantas
1220 3152 1329 3213 variar

256 3372 283 3452 *l
313 3385 355 3434 Ex
383 3383 471 3434 effectu
499 3383 545 3434 illo
570 3377 704 3442 conjrtneto
729 3387 784 3430 tum
803 3379 917 3447 planitiei
935 3380 1091 3448 perfectioris
1115 3391 1141 3430 ct
1165 3377 1274 3444 majoris
1299 3349 1349 3433 adl

296 3470 366 3521 laena
387 3485 501 3520 sunrmot
523 3477 639 3519 extcmec
662 3477 720 3515 nrm
741 3466 816 3516 caloio
838 3467 955 3535 copiosae
982 3481 1008 3518 et
1027 3485 1080 3518 non
1098 3467 1194 3517 mixtae
1212 3483 1349 3535 proven-³

297 3555 336 3608 ire
361 3556 477 3620 videtur,
511 3551 581 3620 qood
610 3551 773 3604 lormetionee
800 3551 849 3605 lue
879 3565 978 3606 norom
1006 3553 1033 3604 in
1059 3555 1248 3620 vegetationem
1267 3573 1330 3608 mn-

296 3643 400 3696 tandem
423 3656 475 3693 tarn
495 3641 607 3690 mulmm
625 3639 740 3702 valeam,
762 3657 822 3710 mm
840 3655 929 3692 ecana
951 3641 978 3692 ia
997 3640 1095 3708 alpibns
1112 3641 1231 3708 Europae
1246 3645 1330 3694 rneri-

296 3731 404 3783 dionalis
432 3729 516 3778 colum
543 3729 684 3779 calcareom
702 3745 794 3798 pamm
818 3740 861 3779 eat
881 3727 945 3778 nihil
965 3726 1214 3793 cilicet-evidentur,
1236 3743 1270 3780 at
1288 3744 1329 3780 et·

297 3819 350 3870 iam
377 3812 534 3866 confirmavit
564 3803 694 3864 Schotew
722 3807 935 3890 plantegeogr.
962 3825 995 3884 p.
1026 3805 1095 3866 140·
1127 3837 1161 3852 ·-
1193 3799 1349 3867 Postera

293 3905 351 3956 heic
375 3900 539 3968 praesertim.
552 3889 723 3966 eonferenda,
747 3913 812 3970 qnae
832 3897 921 3970 scripti
942 3897 974 3954 dt
995 3899 1171 3954 tendentious
1191 3903 1329 3972 &eclogia

247 3964 251 3993 ί
295 3989 398 4042 Sveeiec
418 3985 445 4038 in
467 3979 593 4040 Svtal·
616 3979 661 4040 cd·
679 3999 707 4042 a·
793 4059 805 4070 ἢ
