2708 4682
212 371 283 450 Uli
380 373 713 442 colifll’lic'l'llfl
764 371 1162 424 VEGE'U'HOMB

310 558 564 648 ,Uplnndiam
591 582 655 648 pro
681 563 746 628 situ
774 583 836 627 suo
860 557 1106 649 septentrionali
1130 559 1330 625 ditissimam

118 698 122 704 ·
214 685 290 732 esse
314 666 515 752 provinciam
547 684 591 728 ex
621 683 661 728 eo
688 661 875 742 coniicitur,
901 659 1102 752 qnod'regio
1127 661 1201 726 sola
1230 685 1329 747 parra

209 765 368 848 centralis
399 764 606 852 Upsaliensis
641 767 714 830 666
742 767 871 850 species
897 777 1074 832 enumerat.
1125 762 1249 828 Sibis
1278 787 1331 828 nn·

214 889 339 935 merum
365 869 526 934 modicum
549 867 731 953 plantarum
754 865 944 932 litteralium
968 882 1001 934 et
1029 879 1261 932 nrontosarum
1290 869 1328 930 72

216 972 389 1046 addamus,
422 964 525 1034 oritur
555 989 679 1032 summa
713 971 855 1040 omnium
889 973 979 1047 738,
1019 981 1105 1032 certe
1130 970 1282 1055 insignis
1307 983 1333 1032 et

215 1085 322 1138 tamen
347 1069 452 1136 adhue
477 1083 513 1134 ut
538 1069 665 1134 videtur
689 1073 823 1136 nimium
847 1093 960 1158 parra.

317 1173 494 1260 Postquam
537 1174 582 1236 ita
620 1192 695 1237 oras
724 1175 834 1260 regni,
873 1187 909 1236 ut
949 1187 1214 1258 compararentur
1251 1177 1334 1238 inter

217 1297 254 1342 se
297 1274 420 1340 similes
462 1277 675 1360 provinciae,
731 1278 834 1339 secuti
880 1295 1018 1354 snmus,
1062 1263 1136 1360 jam
1177 1279 1333 1341 conuenit

218 1381 260 1443 ad
299 1380 471 1443 interiores
507 1379 660 1462 regiones
688 1378 888 1464 transgredi,
924 1379 970 1442 ita
998 1376 1140 1455 seilicet,
1159 1391 1210 1442 'ut
1236 1381 1331 1463 jrrxta

214 1465 309 1578 lp'cus
334 1501 477 1544 summos
503 1482 641 1564 primurn
666 1481 889 1567 procedamus.
948 1477 1140 1565 Reperimus
1165 1501 1254 1546 mox
1280 1503 1332 1544 nu·

3 1619 4 1666 ]
108 1598 115 1609 “
217 1603 342 1648 ιιιιιιιιιιι
370 1581 462 1650 valde
488 1582 708 1659 imminutum,
740 1603 807 1644 non
833 1591 956 1646 tantum
982 1579 1025 1645 ob
1050 1580 1179 1668 plantas
1207 1582 1334 1649 littora·

218 1685 269 1750 les
304 1683 521 1758 desideratae,
554 1703 668 1746 verum
702 1684 799 1746 etiam
833 1695 1030 1768 sampestres
1054 1687 1212 1774 amissas,
1254 1707 1333 1772 qnae

218 1783 449 1875 accedentibus
473 1783 640 1880 nonnullis
666 1787 828 1848 montanis
854 1805 920 1848 non
946 1800 1208 1871 compensantur.

321 1885 609 1972 Strengncsioe
637 1884 775 1950 ambitus
802 1885 991 1972 disquisitae
1020 1908 1087 1952 non
1112 1889 1247 1974 quidem
1272 1911 1334 1956 ma·

46 1996 49 2003 '
119 2053 129 2062 ,
219 2009 304 2076 gnus
331 2002 399 2068 cst,
427 2009 580 2052 nurnerus
603 1985 786 2076 plantarum
808 1985 856 2052 ibi
881 2001 1080 2075 repertarum
1101 1989 1205 2055 multo
1227 1995 1334 2056 minor

221 2089 291 2158 scil.
322 2093 393 2156 529
424 2095 562 2176 species.

322 2191 497 2276 Nericia
528 2194 607 2258 satis
638 2191 723 2262 bene
755 2193 928 2282 explorata
957 2216 1023 2260 non
1049 2193 1135 2265 ultra
1161 2197 1233 2262 508
1262 2219 1335 2284 spe·

222 2301 299 2384 oies¹
324 2296 419 2361 nobis
457 2297 570 2375 offert,
613 2319 805 2384 quamquam
842 2297 923 2362 haec
960 2301 1130 2383 provincia
1166 2287 1335 2385 regidnern

220 2400 425 2466 formationis
472 2400 675 2463 transitionis
719 2397 945 2483 pulcherrimis
987 2399 1181 2488 quibusdam
1214 2399 1337 2488 plantis

224 2503 406 2589 praeditam
431 2502 584 2564 continet.
1350 2583 1351 2594 ἵ

263 2656 266 2669 ,
324 2603 396 2667 Jaru
424 2603 464 2666 ad
492 2601 628 2666 limitem
659 2606 744 2667 inter
771 2605 865 2690 regni
889 2607 1075 2691 provincias
1100 2603 1281 2672 orientales
1308 2620 1338 2672 et

224 2699 440 2770 occidentales
468 2703 731 2789 pervenientibus
756 2709 977 2794 incipiendum
1001 2709 1160 2776 credimus
1184 2709 1336 2795 inhujus

224 2807 336 2874 lirnilis
360 2806 563 2875 nteridionali
585 2821 687 2894 palwtc

203 2893 206 2904 ¹
313 2906 569 2972 Srnolandin
602 2911 885 2990 occidentalis
918 2915 1005 2980 inter
1029 2913 1160 3002 Lageus
1191 2927 1224 2981 ct
1253 2875 1339 2983 linri-

226 3026 290 3076 tent
316 3010 498 3074 llallandiae
526 3013 587 3074 sita
613 3034 679 3075 ιιιιιι
687 3017 832 3100 quidem
858 3017 999 3083 medium
1027 3022 1121 3105 regni
1149 3032 1250 3096 tenet,
1282 3021 1337 3084 sed

223 3135 351 3201 ¹suntuna
380 3123 429 3175 est
455 3115 622 3198 provincia
652 3132 802 3202 respectu
832 3121 1049 3204 vegetationis
1084 3134 1116 3186 et
1139 3121 1338 3188 distributio-

111 3234 116 3251 ’
226 3219 279 3280 nis
310 3212 466 3278 nauualis
495 3236 594 3300 supra
614 3219 683 3302 jann
707 3222 906 3305 propositae.
961 3217 1118 3297 Quamvis
1144 3222 1225 3288 haec
1247 3231 1339 3312 regio

226 3321 311 3382 intra
335 3319 505 3381 ιιιιιιίιιιιιιι
524 3319 605 3404 Fagi
628 3319 731 3384 adhuc
757 3324 820 3384 sita
844 3324 903 3400 sit,
931 3343 1083 3390 numerus
1108 3337 1216 3390 tamen
1240 3333 1339 3392 totius

222 3421 442 3507 'regerationis
468 3441 533 3483 ιιοιι
559 3421 644 3486 ultra
666 3425 739 3488 452
756 3425 884 3507 species
900 3437 932 3488 ct
946 3428 1119 3511 paroeciae
1135 3411 1268 3512 Femsjii
1284 3439 1340 3517 'per

227 3544 268 3597 se
298 3541 362 3584 non
393 3520 478 3586 ultra
504 3526 579 3588 400
607 3523 783 3586 adscendit.
835 3522 928 3603 Haec
953 3531 1126 3613 pauperies
1152 3551 1283 3618 qnoque
1310 3556 1342 3597 o·

227 3627 310 3689 ritur
333 3623 456 3688 delectu
458 3626 637 3719 singulari
660 3624 843 3709 plantarum
865 3627 1053 3708 obesipruut
1073 3643 1110 3694 ut
1130 3630 1343 3724 Plantagi·

228 3729 293 3791 nis
328 3708 485 3804 raedis,
529 3725 769 3806 Dactylidls
801 3727 1066 3816 glornsrutae,
1105 3731 1340 3820 Alopeouri

146 3889 150 3896 ,
228 3832 453 3924 pratensis.
479 3861 531 3881 *-
556 3827 608 3890 Fx
630 3826 689 3892 hac
712 3833 1341 3921 regioneterrninumsupr-uindicatum

230 3937 315 3998 inter
349 3930 540 3996 (lotlriarn
563 3950 711 3994 sersus
738 3936 944 4001 orientem
974 3952 1007 4004 ct
1035 3938 1229 4006 Gothiurn
1253 3967 1341 4014 rer·
