2668 4686
428 325 637 443 Trunci
787 347 864 398 ²
1009 372 1086 468 957
1176 403 1231 436 -.

20 563 116 632 Hnb.
145 565 187 632 ad
208 559 361 633 caudices
389 566 525 642 Abietis
551 569 588 636 in
610 565 718 660 sylvis
750 561 926 652 altioribus
952 565 1099 642 Sisciae⁴

68 673 125 716 ex.
154 675 203 738 gr.
233 652 457 732 sinuandis,
499 651 534 720 in
571 653 725 742 Omberg
753 651 980 740 Ostrogothiae
1011 655 1085 718 tre-

65 737 305 823 quentissima.
331 737 488 826 Upsaliae.
533 737 534 744 '
622 769 624 774 ·
915 756 920 769 ‘

21 823 209 909 Pierumque
241 825 344 906 palma
371 837 403 888 et
427 829 531 888 minor
560 835 593 886 at
615 827 756 904 tenuior3
789 825 874 908 poris
899 825 987 887 valde
1006 828 1085 889 irre·

8 915 146 986 claribus,
172 914 328 973 dimidiam
353 915 521 974 crassitiem
541 913 627 994 fungi
649 915 919 976 constituentibus.

7 1031 73 1075 sor.
103 1007 326 1073 BOLETUS
342 1009 578 1097 pulvinctzsse·
599 1011 712 1082 albus.
737 1011 836 1100 pileis
859 1009 948 1076 intus
971 1007 1087 1076 diver·-

59 1104 181 1180 genter
210 1094 343 1161 fibrosis
373 1096 538 1184 hirtiaqus
566 1097 638 1162 basi
667 1097 777 1184 gibbis
802 1107 1000 1162 extrorsum
1025 1120 1088 1164 ro·
1145 1111 1148 1120 “

63 1179 234 1259 tondetis:
267 1181 420 1267 margine
441 1182 587 1248 incurvo
613 1184 783 1262 obsoleto,
817 1181 911 1270 poris
933 1181 1107 1270 inaequa·‘
1188 1241 1191 1246 ,
1304 1199 1305 1204 ’

62 1265 168 1330 libus.
217 1267 251 1329 B.
277 1267 460 1334 suberosus
486 1266 676 1334 Wairlenb.
701 1291 777 1356 upa.
800 1293 834 1336 rr.
858 1265 954 1334 2054.

25 1349 115 1414 Hab.
142 1351 177 1416 in
198 1351 327 1417 truncis
351 1349 536 1418 Ulmorum
560 1353 768 1442 Upsaliaa.

21 1437 221 1498 Praecedanti
245 1449 328 1498 carte
350 1441 459 1516 affinis,
488 1442 547 1500 sed·
566 1443 661 1522 duplo
685 1442 785 1522 major
807 1451 838 1502 et
859 1442 968 1502 saltem
989 1439 1085 1522 triplo

17 1527 130 1586 assior:
163 1525 343 1604 substantia,
359 1527 506 1588 interiore
531 1529 626 1610 magis
648 1546 773 1590 succosa
793 1531 893 1589 tenaci
913 1539 943 1588 et
961 1527 1087 1590 elastica

1 1631 85 1670 mre
109 1613 332 1672 suberosus
350 1615 373 1674 1.
390 1635 415 1673 c.
437 1613 558 1689 dicitur,
584 1637 761 1697 quamquam
783 1635 847 1674 non
870 1614 1004 1695 Linnaei).
1040 1612 1087 1672 O-

1 1697 76 1756 ›tima
100 1695 274 1780 differentia
291 1701 460 1760 consistere
480 1701 604 1762 videtur
617 1703 649 1760 in
664 1701 835 1766 directione
846 1703 994 1762 fibrarum
1006 1701 1088 1764 ints·

12 1805 117 1859 onim,
143 1803 220 1865 quae
245 1785 349 1844 abasi
370 1787 508 1868 undique
532 1788 573 1848 its
595 1788 774 1876 divargunt‚
805 1797 841 1848 ut
864 1788 974 1868 angulo
998 1796 1101 1856 recto
1210 1847 1214 1860 ,

2 1871 179 1950 nperficiern
202 1871 349 1950 attingant
372 1883 403 1932 et
420 1893 477 1954 per
496 1875 625 1935 eandem
650 1875 683 1934 in
702 1873 861 1934 hirsutiam
882 1875 1020 1956 ejusdam
1034 1873 1085 1932 di-

1 1957 130 2016 ectionis
154 1967 275 2016 exeant
320 1957 399 2019 Hinc
424 1960 537 2019 eximia
559 1961 716 2042 pulvinata
734 1961 843 2021 forma.
879 1961 952 2022 Pars
972 1959 1086 2020 fibross

15 2043 139 2103 ultoties
161 2044 293 2103 crassior
314 2065 403 2125 quam
423 2045 573 2107 tubulosa.
593 2079 639 2096 -
657 2047 703 2108 Ab
723 2045 785 2106 hoc
804 2045 944 2108 diversus
962 2046 1093 2122 videtur,

0 2141 15 2186 i.
35 2129 231 2191 ulmariua
257 2129 433 2193 Sowarb.
459 2133 562 2212 iung.
585 2141 607 2191 t.
632 2133 688 2193 88.
710 2131 871 2212 superficie
890 2139 1086 2193 nonnntum

5 2215 86 2275 labra
108 2237 216 2277 verum
240 2217 331 2276 ctiam
350 2218 463 2278 eximie
479 2219 656 2280 colliculoaa
666 2218 718 2280 vel
729 2217 870 2299 grandius
881 2217 1085 2278 tuberculosa.

9 2323 82 2370 σοι.
100 2299 324 2368 BOLETUS
342 2301 558 2369 scarsolems
581 2301 674 2390 pileo
698 2301 1023 2368 carnoso-suberoso
1046 2323 1086 2364 a·

67 2407 158 2450 nono
186 2385 313 2454 villoso'
335 2385 433 2466 albo,
469 2387 562 2478 poris
591 2387 784 2474 majusculis
812 2383 1087 2456 tumescentibus.

66 2471 298 2626 ngggw‘
329 2495 364 2539 n.
391 2473 484 2542 1255.
529 2473 591 2543 So.
616 2473 698 2542 Boc.
718 2484 746 2544 t.
761 2493 835 2542 aar.
876 2469 980 2542 Friss
1001 2481 1086 2560 syst.

70 2581 101 2624 ι.
148 2606 157 2623 .
245 2603 255 2623 .

26 2579 185 2713 Habpin
205 2641 352 2734 Saline
374 2645 567 2746 prasertim
595 2645 693 2714 alba
720 2645 900 2732 regionum
920 2641 1087 2714 meridio-

66 2729 198 2796 nalium
218 2742 253 2795 et
272 2728 540 2818 maritimarum,
561 2729 679 2802 forsan
698 2732 799 2798 ctiam
813 2752 908 2820 ‚amy
942 2729 1088 2796 dalina

64 2839 134 2970 Her
157 2817 330 2968 convsqlles
352 2817 536 2888 fluminum
558 2817 790 2888 maximorum
803 2817 846 2883 ab
857 2817 926 2906 alpi
951 2838 990 2882 ιιι
1004 2837 1088 2904 pro·
1201 2857 1202 2864 ι
1259 2847 1266 2862 ·

92 2913 249 2968 nentrum

25 2990 126 3074 Hujus
155 2991 226 3052 loco
255 2989 345 3053 multi
377 2991 444 3054 sine
476 2994 570 3058 dubio
597 2992 632 3056 B.
662 2993 874 3056 odoratum
897 2987 1085 3064 habuerunt,

7 3081 64 3140 nde
102 3087 296 3161 praesentem
332 3083 468 3162 speciem
495 3082 738 3164 frequentiorem
767 3079 968 3143 crediderunt
995 3074 1087 3160 quam

1 3185 108 3229 evera
130 3175 185 3226 est.
637 3183 639 3190 ’
855 3211 858 3220 ‚

8 3251 78 3319 005.
101 3247 328 3317 BOLETUS
348 3249 524 3318 airaurms
552 3249 701 3330 albidus,
728 3249 821 3342 pileo
841 3247 992 3316 coriacso
1012 3245 1087 3315 hir·

66 3347 102 3402 to
136 3333 324 3423 cinguiato,
354 3336 449 3424 poris
477 3337 634 3406 rotundis
661 3334 790 3404 obtusis
808 3329 1087 3406 fuscascentibua.

67 3419 197 3506 Wolf.
221 3421 258 3488 in
274 3421 396 3511 Jncqu.
410 3423 485 3492 coll.
501 3443 532 3492 o.
551 3445 590 3512 p.
606 3423 680 3512 ²49·
709 3420 814 3491 Frias
827 3432 906 3508 syst.
918 3443 947 3491 1.
962 3415 1088 3508 120567.

26 3507 114 3574 Hab.
140 3507 181 3572 nd
202 3517 355 3576 truncos.
927 3565 941 3576 .

31 3595 207 3660 Substantia
238 3597 305 3678 ejus
331 3595 525 3679 ‘compactior
553 3619 644 3682 quam
673 3592 944 3682 insequentibus,
969 3588 1089 3656 etiamsi

0 3695 117 3746 motura
147 3685 348 3768 bombycina;
385 3685 514 3750 hirsutis
541 3699 648 3756 extera
675 3695 737 3748 tam
760 3687 863 3750 stricta
886 3693 922 3746 ut
951 3677 1089 3764 cingulos
1122 3741 1130 3759 ,
1220 3689 1221 3692 ’

0 3771 121 3836 levatos
152 3775 325 3836 constituat
374 3771 448 3836 Pori
475 3771 532 3837 vix
557 3773 680 3836 tertiam
707 3783 828 3858 partam
849 3765 998 3836 crassitiei
1020 3761 1090 3825 effi·
1144 3801 1146 3804 -

8 3855 83 3943 'unt3
105 3859 336 3940 dissepimentis
350 3859 455 3926 firmis
479 3856 699 3928 autumnalis·
952 3909 956 3928 .

151 3943 250 4016 Flor.
269 3944 366 4014 Socc-
868 3937 924 4008 bt·
