2708 4682
81 411 83 419 ⁴
144 411 147 416 ¹
219 447 298 492 ιιιιι
383 428 717 492 causaturus
768 406 1169 487 vncerrnr'ours
1246 433 1255 442 ·

221 613 370 694 effectum
401 627 626 715 multiplicari,
668 647 740 693 carn
765 603 878 694 contria
911 627 963 692 vis
996 626 1131 688 nimium
1164 643 1274 708 parra
1297 643 1333 687 ne

219 729 399 816 simplicem
424 731 554 819 quidem
582 731 731 795 effectum
751 729 930 815 producere
944 726 1061 805 valeat,
1088 727 1181 790 etsie
1197 725 1346 790 effectus

119 831 126 850 ⁸
222 833 326 897 omnis
353 845 476 911 cesset,
510 849 682 919 antequam
702 835 754 895 vis
781 829 834 895 vel
861 851 959 895 cansa
985 831 1118 894 omnino
1141 843 1333 900 ‚evanescat

180 970 183 988 ι
221 933 374 1000 Ceterum
387 933 743 1024 uvegetationem'illam
757 945 970 1018 campestrem
983 933 1018 995 in
1032 927 1228 1016 regionibns
1242 931 1335 994 meri·

221 1035 404 1102 dionalibus
430 1050 464 1100 et
485 1033 695 1100 inferioribus
712 1033 928 1122 agriculturae
947 1035 1051 1120 magis
1072 1032 1242 1098 faventem
1264 1051 1335 1094 esse

179 1165 182 1176 ·
219 1161 279 1226 per
310 1158 347 1202 se
374 1149 479 1226 patet3
513 1137 682 1222 sylvestris
710 1136 825 1216 'autem
854 1133 913 1201 illa
943 1139 1114 1223 regionum
1137 1136 1336 1224 septentrio·

220 1241 343 1310 naliom
369 1241 499 1318 visura
524 1237 645 1306 indolis
671 1259 709 1304 se
732 1238 876 1305 culturae
902 1241 995 1326 quasi
1016 1239 1163 1324 opponit.
1198 1237 1269 1301 Ex.
1291 1257 1336 1321 gr.

44 1365 54 1386 r
151 1381 156 1390 ι
220 1344 256 1406 in
281 1343 399 1407 Saenia
425 1344 495 1430 agri
521 1361 557 1407 sc
582 1343 674 1428 ipsos
695 1334 872 1431 laetificare
893 1352 1050 1432 possunt3
1079 1341 1115 1404 in
1139 1337 1262 1402 Svecia
1285 1359 1336 1400 au·

221 1457 287 1509 tem
306 1444 414 1509 media
434 1465 519 1530 opus
540 1457 591 1508 est
611 1442 737 1529 auxilio
759 1443 919 1530 pecudum
940 1437 1052 1528 sylvas
1072 1439 1336 1527 depascentium

124 1591 127 1598 ,
163 1619 166 1640 Ι
222 1557 256 1611 ct
288 1547 428 1634 denique
459 1548 495 1609 in
527 1547 701 1632 Lapponia
733 1542 796 1612 boo
826 1543 988 1610 auxilium
1017 1561 1085 1608 non
1118 1539 1243 1608 sufficit
1271 1543 1335 1604 nisi

127 1675 128 1683 ¹
223 1649 264 1712 ed
295 1659 388 1733 prata
420 1643 627 1712 laetificanda
660 1665 720 1732 pro
747 1649 984 1712 sustentatione
1017 1644 1189 1732 pecudum.
1244 1643 1337 1709 Post·

222 1770 313 1814 remo
347 1750 382 1814 in
411 1743 592 1834 subalpinis
625 1761 851 1834 cryptogamae
882 1750 974 1834 ipsae
997 1749 1140 1812 maxime
1165 1746 1336 1812 conferunt

223 1854 258 1916 in
288 1847 483 1968 Rangiferos
509 1845 656 1927 alendos,
687 1871 750 1936 quo
775 1867 882 1914 tamen
906 1847 956 1928 fit,
981 1861 1017 1915 ut
1039 1847 1153 1936 pnpnli
1180 1869 1335 1914 uumerus

223 1952 344 2018 ibidem
372 1951 535 2015 minimus.
593 1949 658 2016 His
688 1951 799 2017 [brsan
829 1951 1047 2017 fundamentis
1076 1965 1194 2015 natura
1221 1949 1345 2038 populi}

223 2051 461 2120 multitudinem
486 2051 661 2120 subnixam
684 2049 805 2132 voluit;
836 2056 932 2143 quarn
954 2073 1025 2124 rem
1046 2065 1156 2121 tamen
1176 2051 1256 2121 lreic
1274 2065 1337 2118 nott

224 2155 361 2221 ulterius
379 2153 545 2244 explicare
569 2153 659 2222 licet·
1344 2161 1345 2168 '

225 2269 286 2402 ll.
312 2323 567 2394 Vacnrtrro
591 2345 822 2396 secusnuu
847 2324 1039 2398 Osntuas
1062 2327 1336 2398 Ntruatnna

329 2455 544 2527 Considerata
571 2465 607 2526 in
632 2465 761 2550 paginis
786 2466 1058 2551 praecedentibus
1079 2466 1262 2554 quantitate
1287 2483 1338 2530 ve·

157 2632 160 2642 ,
228 2563 504 2652 guntionis-jam
525 2561 664 2652 qualitas
691 2567 763 2648 ejus
790 2569 967 2633 secundum
992 2567 1134 2633 Ordines
1161 2560 1339 2632 Naturales

227 2662 420 2753 inquirenda
447 2680 507 2730 est
561 2662 654 2742 Quae
680 2669 779 2753 igitur
797 2670 867 2754 jam
892 2673 1038 2760 sequitur
1059 2667 1258 2756 Designatio
1275 2669 1339 2735 Mc·

208 2764 322 2834 'thodi
347 2763 532 2848 Naturalis,
560 2787 632 2833 earn
652 2779 852 2838 exstractam
878 2793 953 2839 esse
976 2777 1081 2839 sciant
1101 2773 1266 2838 Lectores
1284 2767 1340 2836 Be·

230 2867 343 2935 novoli
368 2868 506 2934 consilio
532 2868 671 2956 triplici.
704 2863 737 2954 l)
759 2884 796 2937 ut
822 2887 970 2940 exstaret
995 2877 1125 2981 quidam
1143 2879 1347 2960 conspectus

230 2973 390 3038 Ordinum
413 2968 618 3037 Naturalium
648 2971 690 3037 ud
713 2987 855 3046 mentem
875 2976 1004 3044 Linnai
1022 2989 1242 3044 assumtomm
1259 2978 1340 3061 ejus·

226 3095 294 3164 ,que
319 3075 542 3139 institutiones
566 3073 732 3141 'scientiae
757 3081 850 3167 qnasi
870 3079 1118 3167 complentium,
1152 3080 1191 3164 2)
1213 3089 1253 3143 ut
1274 3100 1340 3166 pro·

231 3188 430 3264 ponerentur
452 3179 611 3244 senriaum
635 3192 746 3265 partes
768 3184 961 3266 praesertim
982 3184 1175 3260 interiores,
1209 3202 1339 3268 qnarun

230 3282 352 3344 mentio
380 3279 441 3342 vix
464 3270 594 3368 lpnidem
618 3279 703 3348 faeta
725 3295 777 3348 ast
795 3285 830 3348 in
849 3281 1087 3350 characteribus
1100 3281 1283 3371 genetiuis,
1310 3303 1341 3347 nt

231 3378 480 3467 repetitionibus
502 3395 578 3450 ttrnc
590 3385 723 3452 minirne
737 3385 898 3452 emtandis
910 3385 1029 3454 charta
1043 3387 1341 3470 nimiamperdere

232 3499 295 3563 tur,
320 3496 354 3548 et
381 3483 417 3568 3)
440 3497 478 3550 ιιι
494 3499 680 3574 computum
692 3487 876 3573 quendam
864 3493 1037 3556 instituere
1049 3489 1164 3556 liceret
1177 3489 1219 3552 de
1232 3487 1343 3553 valore

233 3583 437 3682 singulorum
469 3583 631 3656 Ordlnnm
656 3586 904 3658 Naturalium
892 3614 929 3658 ru
953 3595 1059 3680 patria
1081 3594 1219 3678 ejusque
1246 3593 1344 3677 parti·

232 3687 294 3756 bus
328 3690 478 3756 diversis.
544 3689 598 3758 Ob
627 3687 714 3757 fines
746 3705 811 3760 tam
840 3694 989 3762 diversos
1020 3699 1081 3762 rix
1112 3691 1188 3760 fieri
1220 3697 1342 3779 patruit,

232 3794 311 3880 quin
333 3792 528 3881 Designatio
553 3792 635 3859 haec
660 3797 755 3881 quasi
775 3799 881 3864 mixta
908 3799 1060 3864 evaderet
1082 3793 1143 3862 vel
1159 3793 1255 3861 clave
1277 3819 1347 3896 corp

236 3909 409 3984 sequenter
432 3895 589 3981 perducta
612 3895 860 3980 destitueretur,
884 3919 946 3966 nec
971 3899 1163 3987 Systematis
1188 3899 1341 3964 natural'n

196 4019 353 4068 nornen
382 4011 571 4065 moreretur.
603 3995 804 4089 ceteroquin
828 3990 980 4088 Syrtema
1004 4000 1150 4070 naturale
1166 4020 1211 4064 ex
1226 4000 1347 4087 plantis
