2716 4676
366 143 643 244 uonoounu:
730 179 734 188 ’
900 187 962 268 n,

81 335 159 406 Οὓς.
184 361 212 406 ι.
255 333 372 402 varini
400 339 509 404 eodem
537 339 633 406 morlo
662 339 818 412 Eetionis.
842 345 1044 430 unigenita

7 447 83 504 nero,
107 435 149 484 ut
170 447 238 487 vor.
252 422 344 507 foliis
365 424 472 488 subtus
493 423 572 488 olbis
601 431 657 488 out
687 427 907 490 canescentibus
930 436 1046 514 prima·

7 515 42 570 in
68 511 133 582 s‘it3
155 511 292 569 varietus
308 505 400 592 soliis
424 506 508 570 ntrln
531 525 566 572 oe
586 508 737 571 uiridibus
755 509 863 590 pilosis
887 513 969 594 (ilci.
984 519 1045 578 nb·

7 613 133 654 rourum
158 591 258 668 Pers.)
284 593 314 651 io
335 591 448 650 Sennis
470 528 632 670 vulgatior
653 603 710 652 est.
752 591 907 654 Helionth.
931 605 1046 662 tomen.

7 685 99 738 tasum
122 699 148 737 s.
169 675 293 736 cisium
327 672 368 736 E.
391 674 461 738 Boi.
488 681 510 734 t.
536 675 625 736 220⁸.
656 673 767 736 Smith.
796 672 897 758 Comp.
929 699 961 762 p.
994 683 1043 760 84,

7 761 95 818 etiarn
119 761 153 820 in
177 759 370 818 varietatum
392 757 600 836 feracissima,
633 767 736 842 utpote
765 766 833 820 toto
847 761 1048 843 formationis

7 843 203 915 recentioris,
225 832 355 903 blendia
378 840 459 918 legi,
489 841 541 902 sed
564 845 667 926 specie
692 843 887 922 distinguere
908 861 971 905 nno
989 869 1050 907 va.

6 945 56 1000 reo,
79 947 141 986 nec
163 925 308 986 Botnnioi
330 925 449 984 Scotiae.
476 945 479 956 ·

87 1007 163 1071 Obs.
188 1030 217 1071 α.
259 1007 373 1068 Allata
397 1005 693 1068 Helianthetnorum
710 1009 879 1071 varietates
898 1013 974 1073 sotis
995 1035 1052 1074 su·

6 1113 122 1174 perque
145 1100 305 1152 testentur
322 1109 419 1168 quom
442 1091 607 1152 inritabilis
632 1083 668 1150 dt
692 1088 899 1156 mriltiformis
917 1100 948 1158 in
972 1096 1046 1172 hoc,

6 1185 36 1234 ut
59 1179 92 1234 in
117 1177 187 1234 sere
207 1174 355 1234 omnibus
376 1171 545 1254 generibus
576 1175 780 1248 vastissimis,
814 1180 974 1260 praecipue
996 1201 1052 1240 ar.

6 1257 118 1319 borum
142 1251 178 1318 ὅτ
198 1258 362 1328 fruticum,
381 1259 423 1315 sit
445 1263 560 1314 notura
583 1265 711 1334 (eontra
740 1256 771 1312 iu
793 1261 961 1335 generibus
976 1263 1052 1322 uni·-

6 1365 36 1404 us
56 1341 234 1402 alteriusve
256 1340 383 1422 speciei,
402 1358 433 1398 n.
450 1356 476 1396 c.
502 1335 645 1411 Liooaea,
670 1337 828 1398 rarissime
854 1343 971 1404 adsunt
993 1352 1054 1406 voi.

6 1430 157 1500 rietates).
207 1421 307 1496 Hinc,
343 1429 458 1480 contra
487 1437 605 1480 morem
633 1419 846 1502 plurimorum
882 1419 1052 1488 Bo'tonieos.

6 1527 85 1570 rum.
113 1506 234 1588 species
256 1523 353 1562 novas
379 1499 542 1561 lubentius
578 1505 608 1562 in
637 1497 812 1577 exiguis&
838 1507 918 1566 bene
942 1514 1053 1588 cogni·

5 1595 40 1652 tis
61 1587 246 1671 generibus,
274 1605 370 1662 quom
392 1584 488 1646 vestis
509 1585 626 1646 multos
647 1582 846 1659 amphibalus
869 1589 1053 1668 colligenti.

5 1675 60 1734 bus
83 1671 232 1731 admitto.
277 1667 356 1726 Nom
379 1669 403 1727 si
430 1688 459 1726 v.
481 1685 507 1724 c.
534 1671 698 1746 pauciores
723 1666 851 1747 Salices,
873 1673 971 1732 Rosos
989 1673 1053 1738 dcc.

5 1757 255 1834 distinguamus,
276 1749 448 1832 primarios
468 1747 572 1808 saltim
594 1753 708 1833 species
724 1757 792 1808 tute
806 1754 983 1816 discernere
997 1779 1055 1820 va.

5 1839 128 1898 leomus
146 1855 156 1911 ;
175 1835 201 1894 si
223 1852 299 1893 vero
320 1836 414 1892 etium
435 1829 552 1892 formes
573 1832 707 1894 leviores
736 1823 770 1890 ἃ
792 1834 917 1898 ittornm
942 1846 1054 1920 cogni.

5 1923 49 1982 tio
73 1926 199 2002 pereat.
241 1916 314 1992 Quo
336 1914 445 1997 plures
473 1913 733 1994 distinguuntur,
761 1917 866 1981 dubie
885 1941 923 1982 eo
944 1921 1054 2002 plures

5 1997 148 2066 restant!
179 1996 414 2058 Atteodendum
433 2015 562 2076 quoque
585 1998 722 2075 videtur,
751 2010 859 2060 utrum
881 2009 1000 2084 species
1023 2013 1056 2068 in

6 2103 121 2169 genere
147 2081 185 2142 ud
209 2079 375 2140 varietates
399 2097 525 2162 prooae,
553 2100 593 2140 an
622 2081 734 2140 formis
757 2085 978 2146 recedentibus
999 2111 1056 2149 er.

44 2175 123 2226 ries.
160 2160 338 2223 Liberalius
358 2165 389 2222 in
414 2163 478 2236 his,
517 2182 614 2242 quom
636 2161 701 2222 illis
724 2167 840 2244 speeies
862 2167 1058 2246 distinguere

5 2187 88 2310 liler.
149 2245 201 2307 Sic
224 2265 251 2304 v.
274 2265 302 2309 o.
333 2249 415 2306 inter
444 2243 579 2322 Pyrolos
611 2245 645 2309 P.
664 2243 888 2310 ¹chlorontltorn
913 2259 982 2310 tute
1005 2255 1057 2313 di-

7 2332 200 2409 stinguimus
217 2328 256 2388 ad
280 2339 379 2404 notas,
408 2349 477 2410 quae
503 2327 585 2388 inter
606 2329 716 2402 Rosos,
743 2331 874 2390 Aconitu
900 2324 963 2394 &a
985 2352 1058 2417 spe·

9 2415 66 2474 eles
89 2414 222 2472 minime
243 2411 485 2490 distinguerent.
529 2410 563 2471 si
587 2412 664 2494 quid
690 2409 833 2490 videam,
866 2413 927 2496 jam
949 2419 1057 2498 ingens

10 2499 185 2578 specierum
209 2513 360 2554 numerus
380 2496 412 2554 in
436 2511 548 2572 genere
571 2490 712 2554 naturali
742 2506 890 2554 naturane
922 2499 983 2560 hoc
1006 2501 1058 2562 lo.

11 2598 132 2638 coesse
158 2577 308 2637 laxiorem
330 2585 478 2642 testatur.
523 2573 679 2638 Vidootes
707 2575 845 2658 plurima
872 2579 1059 2644 ilelia'othe-

11 2679 58 2720 ma
81 2663 166 2721 notis
196 2669 345 2734 tantum,
385 2681 464 2742 quas
497 2661 529 2720 in
554 2657 707 2739 indigenis
740 2679 831 2736 ungas
858 2664 1053 2744 invenimus,

12 2743 180 2884 gislingen,
203 2743 242 2804 de
264 2739 397 2804 illorum
423 2743 607 2803 antonomio
630 2762 692 2802 uon
714 2763 880 2826 possumus
907 2767 970 2806 noo
996 2749 1061 2810 du·

36 2848 62 2884 ia
82 2845 221 2887 movere.

18 2927 91 3000 sos.
119 2927 465 3001 ouuosoonnru
498 2931 613 3027 ninus.
640 2925 749 3000 Linn.
780 2927 880 3000 suec.
912 2879 997 3024 nos.

83 3029 123 3120 β.
154 3047 339 3110 cremium,
375 3029 507 3130 petalis
533 3029 709 3113 crenatis,
753 3029 896 3128 siliquis
921 3031 1061 3134 longio-

117 3129 223 3204 r'ibus
251 3134 437 3204 contortis.
759 3151 761 3158 “
1002 3151 1005 3158 ’

81 3229 148 3306 Ch.
178 3229 455 3331 grandissorum,
477 3235 556 3306 Dee.
583 3235 708 3306 Prode.
736 3237 824 3325 Lp.
859 3233 938 3305 123.
986 3245 1061 3317 (nu-

137 3333 226 3391 erius
248 3335 280 3392 in
313 3331 403 3395 Hort.
428 3331 532 3392 Lund.
556 3331 799 3406 introducturus
839 3329 947 3394 tliil'ert
966 3337 1062 3398 modo

113 3354 219 3476 lesbo
240 3413 379 3478 elatiore
401 3413 480 3476 lloro
502 3415 643 3494 majore.)

118 3501 220 3572 Looo
245 3500 412 3574 silvatico
437 3499 483 3572 od
508 3501 635 3572 Klinta
656 3499 804 3589 scaniae,

93 3595 167 3662 ons.
210 3597 354 3682 Papauer
384 3597 506 3664 dubium
546 3599 683 3662 subinde
714 3601 744 3658 in
780 3599 891 3661 scania
923 3601 1064 3664 occini-it

21 3677 479 3828 titilittltt'ltlssn
494 3685 546 3827 ‘ll
569 3675 1059 3830 {lemnii'⁰i2niiig³i³³”ilii'

22 3835 92 3902 Dee.
113 3846 197 3928 Syst.
221 3867 247 3909 a.
270 3865 303 3929 p.
335 3789 385 3931 318.
407 3885 449 3898 -
469 3784 740 3912 Varietasptamen
764 3871 826 3910 non
850 3860 896 3908 est
910 3787 1067 3926 norguenius:

23 3923 74 3983 ml
91 3939 268 3990 monstroso
290 3935 482 4014 progeniem
504 3953 541 3997 ex
563 3934 674 3998 eadem
696 3933 807 3998 radice
830 3927 977 4016 capsulas
1004 3927 1064 3992 ob·

28 3995 274 4090 longo-ninneton
295 4007 332 4080 ὄι
353 4014 501 4101 globosae
517 4015 612 4082 stet!
