2708 4682
215 381 316 432 ΧΧΧΠ
430 397 434 408 ·
497 383 830 430 Μ’ῊΡΕΜΙΙΒ
883 383 1038 428 Ruunt

215 567 478 636 Subdiviaionem
508 565 606 652 hujus
635 570 780 654 regionis
812 567 1047 653 quodammodo
1082 563 1219 631 efficere
1252 567 1332 629 title

194 689 267 737 ,ιιιι
290 671 468 758 Cominus,
492 672 538 736 ita
561 685 669 736 tamen
696 684 731 734 ut
755 671 827 754 ejus
850 672 1007 734 terminus
1030 685 1145 732 corsus
1170 669 1330 732 orientru

213 776 324 862 potius
355 772 548 852 adscendet,
582 793 655 839 curn
681 771 779 836 etiam
804 775 839 836 in
864 769 1026 836 Oelaudia
1051 767 1158 836 altius·
1181 793 1288 857 quam
1314 777 1330 833 i·

212 897 286 965 psa
299 877 409 962 chus
433 885 591 940 occurrat.
643 873 724 958 Ejus
747 874 903 938 terminus
925 875 1035 959 itaque
1059 877 1202 938 termino
1230 871 1329 948 Quer·

128 981 131 996 ⁴
214 979 272 1044 crin
301 981 407 1065 magis
422 975 610 1063 ,parallelus
632 978 771 1040 'videtur
802 1013 853 1024 --
886 974 1012 1039 Paullo
1027 998 1126 1063 supra
1154 979 1328 1038 terminum

213 1079 339 1166 Fagi'
329 1102 365 1145 ιι
388 1081 596 1176 utriusque
581 1071 681 1144 inanis
706 1077 824 1143 insulis
850 1081 966 1143 crescit
991 1075 1237 1164 Euphorbin
1266 1099 1326 1162 pa·

214 1180 389 1260 lustri-s,
413 1189 477 1246 ileo
498 1147 646 1247 coterltm
667 1172 736 1250 utto
756 1179 841 1244 locos

1016 1305 1021 1330 t

344 1336 408 1418 lll.
456 1335 601 1416 zoara
634 1359 761 1420 uncta
799 1357 1194 1415 ιοιιιιιιιιιιιιι.

315 1486 493 1575 Postquam
530 1477 593 1552 lrns
629 1489 789 1552 'terminos
818 1483 1054 1568 quodammodo
1090 1485 1327 1550 transversalet

212 1587 269 1656 vol
299 1589 341 1655 ad
364 1588 569 1654 latitudinem
600 1587 715 1651 ductos
746 1583 1012 1674 qualitercunque
1045 1583 1203 1652 definitos
1233 1587 1339 1663 habe-p

164 1733 165 1738 κ
212 1712 305 1770 mus,
332 1694 403 1776 jam
433 1691 581 1776 sequitur
609 1688 815 1754 diversitates
849 1710 870 1752 a
891 1687 1096 1776 longitndine
1122 1693 1229 1776 magis
1252 1713 1327 1776 pen·

214 1795 331 1860 dentes
362 1811 553 1871 recensere,
594 1811 678 1878 quae
710 1811 778 1854 non
807 1803 931 1872 tanturn
965 1813 986 1856 a
1013 1789 1158 1856 maribus
1189 1793 1327 1856 diversis

212 1893 451 2016 longitudinem
477 1894 662 1980 reguilane
685 1890 917 1979 sequentibus,
946 1913 1059 1959 verum
1088 1895 1187 1958 ctiam
1212 1916 1232 1957 a
1252 1917 1327 1959 con-

213 1979 383 2063 stitutione
407 1993 636 2083 geologica‚⁰
620 2013 703 2082 puga
724 1994 818 2081 plura
839 2007 906 2060 turn
932 1994 1080 2081 alpino
1064 2015 1148 2081 pugo
1169 1995 1328 2082 parallelo

214 2105 283 2164 ιιιιιι
309 2088 422 2186 ipsum
446 2095 534 2164 idern
557 2098 669 2164 forsan
693 2099 934 2175 continuantia,
969 2095 1150 2176 efficiente,
1181 2100 1327 2162 veniunt.

126 2277 128 2286 A
215 2193 395 2267 Constituit
426 2214 539 2267 nostra
561 2203 676 2291 patria
702 2203 821 2288 jugum
851 2193 1088 2319 longitndinnlo
1117 2199 1329 2292 peninsulare

213 2305 300 2370 inter
325 2306 552 2370 'continentem
582 2301 775 2368 orientalem
806 2316 839 2366 et
863 2302 1018 2388 regiones
1041 2305 1212 2367 maritimas
1235 2303 1341 2379 οιαὶ-ι

214 2392 364 2471 dentales
392 2405 440 2469 ita
462 2397 503 2470 in
531 2373 639 2468 medio
670 2406 831 2488 positum,
868 2416 905 2467 ut
931 2401 1017 2468 latus
1044 2403 1202 2470 orientale
1224 2401 1341 2490 longe*

214 2506 297 2572 alias
325 2493 444 2572 balneat
472 2503 605 2603 plantas
642 2523 737 2591 quam
770 2503 867 2589 plaga
893 2507 1115 2571 occidentalis.
1165 2505 1255 2572 Hinc
1280 2509 1326 2570 di·

212 2602 389 2674 vanitates
415 2596 600 2676 teotradum
626 2603 864 2692 longitudinem
890 2605 983 2672 vel
974 2622 1060 2674 inter
1090 2611 1325 2694 vegetationem

214 2709 408 2778 orientalem
438 2723 472 2775 et
497 2700 731 2776 occidentalem
750 2721 867 2794 parum
894 2713 1030 2774 minoris
1054 2712 1210 2776 momenti
1235 2726 1325 2788 sunt,

213 2836 311 2902 quam
346 2815 524 2880 secundum
549 2799 759 2877 'latitudinem
792 2811 844 2876 vol
876 2813 961 2877 inter
992 2811 1264 2898 septentrionales
1291 2829 1325 2877 ‘et

212 2913 444 2982 meridionales
486 2904 652 3002 regiones.
724 2913 816 2995 Sicut
854 2913 1059 2980 diversitates
1086 2915 1325 2980 transversales

212 3021 390 3106 praecipue
419 3038 441 3080 n
462 3025 679 3102 temperatura
707 3017 850 3102 pendere
874 3009 1042 3094 videntur,
1079 3015 1126 3082 ita
1151 3016 1323 3104 longitudi-

212 3119 307 3188 nales
338 3142 359 3186 a
389 3121 536 3186 siccitate
561 3121 603 3184 'o't
624 3111 821 3198 fhnnriditate
849 3123 984 3206 primaru
1015 3121 1175 3206 originem
1207 3119 1323 3186 habere

210 3235 374 3312 putamus.

314 3323 482 3410 Alpium
514 3313 854 3410 Lappo'n'ioarum
883 3322 997 3389 latus
1030 3319 1249 3411 ιλόιιιιζίιιιιι
1276 3342 1322 3391 ιι-

210 3441 290 3518 poto
322 3445 446 3494 oceano
479 3425 652 3492 obversum
676 3439 703 3492 “a
723 3426 866 3492 ‘Svecico
893 3425 994 3490 latere
1021 3427 1210 3492 tctnrinibus
1233 3452 1323 3514 pruc-

211 3533 325 3597 sertim
361 3527 518 3594 l'inorum
556 3524 766 3595 inferioribus
794 3521 931 3594 ¹'tl'itlerre
969 3543 1033 3594 nott
1057 3534 1226 3609 miremur,
1264 3533 1322 3595 sed

180 3695 191 3710 ,
210 3647 345 3722 propter
376 3633 538 3698 mitiorem
563 3630 812 3719 brevioremque
836 3631 882 3697 ibi
905 3630 1053 3715 hyemem
1080 3631 1213 3698 arbores
1236 3633 1323 3698 fron-

211 3737 313 3802 tlo'sae
344 3733 626 3800 meridionaliores
662 3733 794 3820 longius
821 3729 918 3820 *qnasi
944 3725 1046 3818 ¹juata
1075 3733 1167 3799 littus
1193 3751 1322 3822 serpunt

212 3839 466 3925 septentrionem
489 3859 605 3902 verens
627 3859 682 3900 ex.
698 3859 748 3922 gr.
773 3834 933 3919 Corylns,
956 3839 1052 3920 (sieut
1076 3837 1183 3924 Fagua
1205 3841 1235 3901 in
1257 3862 1321 3904 me·

212 3937 501 4026 ridionalioribus).
562 3937 749 4004 Nonnullae
782 3960 910 4026 quoque
939 3937 1059 4004 herbae
1085 3941 1234 4006 Svecicne
1260 3965 1314 4006 ox.
