2708 4682
309 385 648 430 CONSPECTU!
701 385 859 432 ΒΕΗΙ
1059 385 1145 432 mn

8 565 128 643 redit,
149 585 220 632 nec
242 555 316 650 eiua
339 586 492 654 suprema
516 587 593 654 pars
614 558 927 640 Dalecarlimetiam
944 571 1146 636 contermina

8 671 91 732 nuic
105 665 282 732 dissimilia
297 682 365 744 θεὶς
381 671 440 734 sed
455 670 494 734 ad
507 672 632 748 exitum
640 668 785 737 fluminis
794 668 982 736 Klareliven
997 671 1145 738 Linum

8 769 244 838 Radiolarn
277 783 311 836 et
334 771 408 836 dein
434 774 468 836 in
494 769 649 857 Gilbergn
674 771 924 838 Gentianam
948 771 1146 840 Pnevmo·

8 884 192 960 nantem
218 875 418 958 reperimus,
444 893 524 960 qnae
545 871 675 960 plantas
699 885 855 960 utrasque
880 887 917 937 ut
940 876 1064 940 eximie
1092 895 1147 942 eor

9 973 206 1042 oidentales
238 967 407 1040 imbetaus-
459 975 569 1040 Lacus
601 973 738 1040 Venern
764 975 909 1064 undiquc
933 977 1073 1060 cingitur
1098 975 1148 1044 E·

10 1079 114 1144 rioa
152 1073 394 1160 Tetralice,
437 1097 520 1164 quae
553 1097 621 1140 non
651 1079 717 1142 nisi
740 1079 838 1152 unico
864 1079 1010 1142 maxime
1036 1080 1148 1168 sicign-

12 1177 83 1246 lari
117 1190 154 1248 et
179 1175 341 1266 paludoso
367 1176 442 1244 loco
463 1179 564 1264 juxte
588 1176 686 1243 Porle
718 1178 760 1242 ad
786 1175 952 1246 Nericiam
974 1200 1080 1268 unque
1100 1177 1148 1246 di·

15 1301 142 1368 sperae
168 1298 245 1368 ease
269 1282 441 1366 reperitur.

128 1380 260 1456 Dalin
282 1379 369 1446 tutus
393 1401 489 1468 quam
511 1381 656 1449 maxime
680 1377 881 1446 occidentale
902 1379 994 1446 iacun
1012 1380 1148 1450 Venern
1186 1401 1192 1422 '

21 1486 235 1550 constituent
275 1485 417 1568 primum
455 1479 552 1564 nobie
588 1478 629 1546 ab
658 1482 785 1546 oriente
817 1482 1024 1548 venientibus
1053 1485 1150 1552 offert

21 1583 377 1655 Pediculatidem
406 1580 669 1668 sylvaticum.
720 1581 810 1648 Orac
842 1587 918 1669 ejuo
940 1585 1091 1651 diversae
1115 1608 1150 1652 a.

23 1687 89 1754 liar
118 1683 383 1765 Vermelaudinr,
414 1684 656 1772 Vertrcgothiae
682 1697 716 1750 et
741 1683 893 1754 Bahuoioe
919 1685 1062 1766 similes,
1088 1709 1150 1756 nee

26 1803 195 1878 quatenus
220 1789 342 1875 proprii
367 1787 443 1875 quid
466 1785 608 1856 habeant
633 1784 729 1852 nobis
758 1790 840 1854 satio
865 1802 1040 1876 expertum
1064 1805 1128 1860 ent.

113 1886 341 1977 1Βαὴιυιίει,
368 1911 561 1979 quamquam
583 1890 667 1956 mari
690 1911 796 1978 quarn,
811 1893 956 1958 maxime
983 1895 1149 1977 exposito,

31 2007 142 2082 tannen
169 1994 292 2080 pinetis
315 2013 382 2057 non
407 2013 511 2078 aeque
533 2003 623 2058 caret
648 2011 686 2056 ac
710 1994 899 2080 provinciae
918 1994 987 2078 jaro
1001 1995 1152 2059 infrare·

31 2093 229 2164 censendae.
292 2093 388 2162 Alina
424 2093 613 2160 adventitiis
652 2096 757 2180 magis
793 2115 889 2182 qnam
922 2093 987 2160 eibi
1016 2099 1150 2164 anuum

30 2195 178 2286 propriis
214 2193 338 2286 plantio
374 2193 597 2263 memorabilis
633 2213 708 2258 esse
741 2196 881 2263 videtur.
939 2196 1152 2283 Spergula

32 2298 238 2366 subulata
273 2310 382 2362 tamen
418 2293 493 2363 heic
527 2297 633 2384 major
665 2308 699 2364 et
728 2294 929 2390 frequentior
957 2297 1070 2366 ioman
1100 2313 1152 2368 est

34 2423 134 2493 qnam
160 2401 197 2464 in
220 2398 288 2466 oria
315 2394 537 2496 sequentibui.

140 2503 178 2590 4)
201 2497 353 2568 Gothia
376 2521 524 2568 versus
547 2499 760 2570 meridiem
779 2473 1049 2588 (attaminat
1071 2511 1153 2572 tuot
1291 2477 1296 2492 ⁸

39 2601 163 2691 finer)
187 2604 338 2670 dicuntur
359 2605 559 2690 provinciae,
587 2624 672 2690 qnae
698 2617 795 2684 cutm
816 2602 1038 2670 Smolandiam
1052 2625 1153 2692 supra

40 2701 303 2794 qualitercunque
335 2703 503 2770 definitam
531 2709 615 2772 sitae
644 2719 737 2785 sunt,
770 2718 803 2770 et
831 2727 914 2796 quae
941 2719 1153 2774 extre-emo·
1212 2762 1216 2771 ,

41 2805 184 2872 landicae
201 2807 278 2874 inde
291 2808 404 2874 forsan
419 2809 484 2874 dici
498 2810 694 2897 potuissent.
710 2845 762 2860 -
775 2807 977 2892 (Smolandia
992 2807 1065 2876 scil.
1078 2831 1153 2878 ver·

43 2929 98 2974 sus
128 2907 187 2976 hae
218 2912 410 3000 provinciae
440 2911 535 2999 quani
569 2925 696 2998 tergum
732 2908 891 2989 obvertit,
933 2910 1033 2998 idque
1059 2913 1154 3000 jugie

44 3014 219 3092 montanis,
251 3014 281 3076 si
308 3033 377 3080 non
400 3032 530 3101 semper
555 3011 726 3080 altitudine
753 3025 861 3078 tamen
886 3012 1075 3094 latitudine,
1100 3017 1155 3080 in-

45 3112 188 3202 signibus
211 3127 245 3182 et
266 3114 343 3182 inde
368 3135 466 3204 quam
490 3116 633 3182 maxime
656 3115 786 3194 macria,
813 3116 874 3182 vix
902 3117 967 3182 nisi
993 3115 1152 3184 culturam

45 3215 204 3284 Secalio
237 3215 426 3286 vernali·
453 3211 537 3286 aliar
570 3219 606 3286 in
632 3214 753 3286 Gothia
777 3216 846 3286 fere
870 3221 1015 3304 ignotam
1037 3219 1152 3286 admit·

48 3317 201 3398 tentibus,
226 3323 455 3400 consumtum,
483 3319 568 3386 adeo
594 3331 631 3386 ut
653 3339 720 3405 non
744 3321 861 3388 mirum
885 3319 961 3388 heio
989 3323 1152 3410 quondam

51 3419 129 3489 finer
156 3423 258 3490 totino
290 3425 385 3514 regni
415 3424 545 3510 positor
566 3420 689 3504 fnium,
720 3443 820 3512 qnare
844 3425 942 3490 etiam
964 3427 1154 3512 provinciae

54 3523 371 3594 cinnamolandicao
395 3523 524 3592 incolae
553 3528 698 3612 ipsarum
717 3543 836 3592 novam
858 3525 1008 3596 Sveoinm
1030 3527 1153 3594 dicunt.

57 3625 131 3690 Fere
159 3627 245 3708 idem
275 3629 304 3695 ei
331 3649 398 3696 non
424 3629 532 3714 majus
556 3628 730 3698 intercedit
753 3627 926 3698 discrimen
951 3631 1037 3700 inter
1059 3629 1155 3696 Smo·

58 3725 185 3796 iandiam
207 3744 329 3827 atquc
354 3729 414 3800 hun
427 3733 621 3820 ¹provinciae
635 3731 833 3810 exteriorne,
857 3751 952 3820 quom
965 3733 1052 3801 inter
1066 3731 1154 3818 Lep·

59 3831 177 3920 ponium
189 3831 395 3924 reliquaeque
409 3837 563 3922 nogiomo
577 3831 950 3904 mutuerNorrlandiae
964 3847 1088 3923 etque
1104 3855 1154 3902 re·

59 3935 163 4024 gionea
187 3935 356 4009 inferiores
375 3939 552 4010 maioma
568 3935 761 4026 ttamen).
776 3975 827 3992 -
840 3935 1035 4008 Provinciae
1050 3938 1153 4006 dicim
1186 3953 1189 3965 ·
