2708 4682
222 385 307 432 xvnl
586 379 740 430 sesto
781 381 966 431 OPERI!

221 574 380 640 micorum
406 571 628 655 optimorum,
661 585 798 655 quorum
828 572 996 636 scientiam
1020 569 1106 634 bene
1129 585 1316 659 perspecti

221 674 339 750 habui;
374 671 472 738 effata
497 684 604 736 nutem
624 674 750 738 incerte
774 693 887 758 parum
910 675 1075 757 respicere
1097 685 1130 736 et
1152 669 1260 760 longe
1281 683 1335 740 n'

221 797 285 864 nus
306 777 444 841 recitare
463 794 563 838 ausus
585 794 675 853 snm,
698 774 886 840 reinserta
909 777 1006 839 certis
1028 777 1312 842 immiscerentur⁸

279 877 325 945 Ut
336 875 493 942 habitatio
507 875 650 941 maxime
664 875 871 946 essentialem
884 888 1009 962 partem
1024 879 1124 941 totius
1139 881 1257 964 operis
1273 888 1312 944 et·

196 995 199 1004 ’
222 993 321 1061 ceret,
348 981 439 1044 omni
459 999 537 1043 cura
555 978 675 1056 studul,
700 979 794 1073 cujus
807 978 1042 1065 (habitationis)
1055 983 1289 1065 expositiones
1301 988 1335 1044 iul

190 1097 291 1178 'toto
322 1101 423 1169 opero
454 1079 691 1167 quodammodo
724 1082 889 1168 dispersas
914 1083 985 1167 jam
1010 1079 1233 1169 subsequente
1260 1109 1322 1149 cou-

220 1199 336 1274 spectn
358 1180 506 1272 generali
529 1185 623 1270 regni
646 1185 747 1249 totius
772 1196 965 1250 connectere
991 1183 1093 1262 volui,
1118 1196 1151 1247 et
1176 1189 1226 1250 sic
1242 1191 1320 1274 quasi

221 1288 350 1355 cubueu
379 1287 442 1351 toti
471 1287 705 1350 constructioni
738 1287 847 1372 operis
879 1289 1056 1372 imponere.
1108 1283 1161 1350 Ne
1188 1287 1252 1353 illa
1275 1293 1318 1353 iu-

219 1413 284 1479 que
313 1387 437 1476 absque
462 1375 723 1454 consideratione
748 1387 846 1474 hujus
872 1404 1085 1484 conspectusp
1113 1391 1239 1476 inquo
1269 1407 1318 1455 tau

206 1491 321 1560 multa
352 1489 588 1576 illustramur„
613 1489 673 1554 snb
702 1491 868 1569 incudem,
902 1505 939 1556 nt
966 1493 1073 1576 ajunt,
1104 1507 1320 1568 revocaretur,

187 1643 199 1657 ι.
216 1597 287 1682 iant
310 1593 368 1660 din
388 1592 514 1678 rogavi.
553 1587 662 1666 ‘Quae
684 1605 826 1660 ceterum
851 1590 925 1658 heic
947 1594 1159 1680 praelationis
1184 1593 1261 1660 loco
1275 1595 1322 1658 ad·

217 1695 382 1764 monenda
404 1705 499 1773 sunt,
530 1690 739 1780 sequentibus
763 1692 937 1760 obsolvere
964 1692 1119 1760 conabor.
1168 1694 1322 1764 Dilaban-

216 1811 271 1865 tur
294 1795 514 1864 habitationes
538 1795 632 1882 quasi
660 1797 695 1861 iu
720 1796 801 1862 duas
825 1809 951 1884 partes:
989 1817 1124 1884 quarum
1148 1798 1248 1864 altera
1273 1821 1323 1864 ro·

197 1901 287 1966 eluro
317 1911 488 1986 terraeque
517 1893 663 1964 indolem
689 1901 820 1976 recitat,
859 1896 964 1963 altera
994 1901 1161 1986 regionem
1190 1901 1242 1964 vel
1274 1903 1322 1966 di-

179 2043 181 2049 .
216 2003 422 2089 apersionetn
456 1997 707 2086 geographicem
738 1999 891 2079 exbibet,
923 2004 970 2065 ita
999 2013 1124 2082 nmen,
1157 2013 1193 2065 nt
1218 1999 1336 2066 iuter·-¹

215 2107 293 2171 dum
323 2102 515 2170 intermedia
549 2103 688 2180 oriatur,
727 2102 768 2166 de
799 2103 973 2200 campestri
1008 2103 1063 2168 vel
1090 2104 1239 2189 sylvestri
1265 2101 1322 2166 vel

139 2203 146 2213 ’
215 2207 423 2292 montosa“⁸)
447 2206 619 2269 naturaie
642 2222 764 2290 genere
790 2225 909 2290 agens,
938 2217 971 2268 et
995 2209 1204 2294 exceptiones
1229 2207 1336 2300 quasi}

214 2313 302 2378 iutra
329 2303 451 2376 ilmites
484 2303 721 2392 subsequentes
750 2305 907 2372 efficiens·
960 2305 1058 2384 Quod
1085 2309 1126 2373 ad
1149 2305 1254 2371 solum
1275 2303 1336 2392 sat-l

212 2415 315 2490 tinet,
342 2404 528 2497 principale
550 2425 649 2492 saepe
673 2419 798 2473 tontum
819 2421 966 2487 notatur,
995 2409 1079 2498 qnod
1105 2411 1206 2476 etiam
1225 2407 1324 2474 latius

212 2512 423 2591 sumendum,
458 2511 535 2599 quia
566 2507 660 2574 locus
691 2507 985 2576 modificationibus
1017 2507 1164 2575 omnibus
1192 2533 1323 2578 enume-

190 2617 325 2690 randis
347 2631 415 2679 uon
438 2611 613 2689 suffecerit,
641 2629 698 2676 ex.
713 2635 762 2699 gr.
787 2611 844 2676 ubi
867 2611 908 2678 tle
932 2611 1041 2678 fluviis
1064 2613 1186 2678 mentio
1202 2610 1255 2693 fit,
1282 2627 1323 2678 et·

156 2747 170 2784 ι
210 2723 279 2786 iam
307 2715 515 2782 dilatationes
545 2733 657 2777 eorum
689 2717 724 2781 in
747 2714 840 2779 lacus
863 2719 1006 2781 minores
1031 2715 1126 2780 undis
1149 2736 1267 2802 parum
1293 2739 1324 2779 a·

210 2824 333 2912 gitstos
364 2814 668 2902 subintelliguntur,
702 2827 736 2880 et
767 2819 839 2882 vice
862 2839 969 2884 versa.
994 2855 1046 2866 -
1073 2815 1248 2894 Quomodo
1275 2841 1324 2882 re-

209 2925 346 3013 giones,
385 2919 471 3008 apud
499 2938 562 2984 uos
592 2931 659 2983 tem
688 2919 855 2986 evidentes
886 2934 920 2986 et
950 2924 985 2986 in
1017 2934 1194 3008 conspectu
1229 2921 1325 3008 regui

209 3024 410 3109 descriptas,
435 3017 545 3086 verbis
571 3041 667 3108 quam
692 3023 898 3108 paucissimis
921 3021 1057 3090 definire
1084 3023 1323 3100 studuerimus,

204 3129 277 3214 jaun
300 3122 532 3211 explicandum
556 3137 616 3187 est.
668 3121 808 3212 Saepius
835 3121 919 3189 fines
945 3125 1078 3190 ultimos
1106 3127 1323 3190 determinare

207 3227 264 3298 vel
294 3223 398 3317 figere
428 3220 592 3294 voluimus
625 3223 735 3292 verbis
769 3247 824 3292 ex.
850 3247 899 3316 gr.
933 3225 1096 3294 nScuuie
1130 3227 1184 3302 ad,
1197 3225 1324 3317 Uplau·

206 3387 375 3416 Μ

181 3455 185 3464 ’
214 3459 219 3478 “
267 3458 423 3548 >omnium
444 3458 536 3521 iciam
554 3453 668 3533 bomine}
688 3469 733 3539 'qui
754 3485 800 3539 per
817 3461 920 3538 triginta
942 3484 1021 3520 annos
1039 3469 1136 3538 plantas
1153 3463 1219 3518 mibi
1237 3465 1322 3518 dede-

290 3567 351 3606 runt
371 3556 412 3606 vel
431 3555 625 3625 locaspecialia
645 3557 789 3626 plantarum
809 3555 959 3632 indicantum,
982 3555 1109 3626 atlpomrc
1133 3554 1249 3606 nimium
1262 3559 1321 3606 lon·

289 3653 353 3716 gum
373 3657 405 3694 ne
425 3639 510 3695 dicam
531 3642 635 3696 diltiosse
654 3643 735 3712 soret,
768 3643 814 3698 rell
833 3656 933 3711 gratum
954 3659 1011 3715 erga
1033 3660 1076 3694 eos
1096 3633 1181 3696 forme
1202 3641 1321 3694 animmu

287 3745 419 3799 nunquam
437 3729 613 3782 intermittam.

127 3871 131 3877 ‘
221 3849 263 3936 **)
288 3861 357 3931 Quas
381 3854 554 3908 distinctiones
575 3864 604 3906 ut
624 3853 742 3908 onmium
764 3851 871 3908 minime
892 3851 1002 3908 exactius
1022 3847 1229 3905 determinandas
1247 3861 1336 3917 ssepe¹

288 3947 384 4000 ver-bist
400 3961 440 3999 ex·
450 3957 488 4010 gr.
502 3941 582 4010 magis
594 3955 709 3996 montosa
721 3942 808 4012 (quant
817 3939 986 4011 campestrisl:
1003 3939 1197 4004 qarotlemmodc
1208 3935 1320 3992 reddidi·
