2708 4682
102 343 104 354 ¹
183 379 207 428 x
380 387 390 454 ζ
549 382 703 430 narro
745 383 929 432 ornare

184 587 221 640 trt
244 579 376 662 minime
402 577 578 663 perlectum
604 582 730 644 censeri
747 579 916 667 *volumus
968 575 1044 656 Quo
1069 581 1191 645 certius
1212 581 1314 666 apud

183 700 245 744 nos
270 682 426 744 ternanos
449 683 533 746 inter
554 680 682 767 plantas
703 673 887 768 indigenas,
900 695 933 747 et
956 681 1149 746 adventitias
1168 705 1314 768 ponere

180 769 278 859 licet,
308 803 348 846 eo
371 781 488 846 melius
514 787 666 848 convenit
690 781 750 848 has
774 786 864 870 ipsas
890 784 1084 848 adventitias
1107 783 1248 870 plantas
1272 807 1312 848 0-

182 904 275 948 mnes
300 887 335 949 in
358 884 764 969 Hospitem-Floram
786 883 965 951 Sveciae
985 907 1164 967 reservare,
1186 909 1309 975 quam,

115 1053 119 1064 ,
180 987 212 1050 si
239 987 305 1050 lata
330 990 537 1071 permiserint
564 999 597 1052 et
623 989 707 1064 otia,
740 987 838 1054 edere
861 992 896 1053 in
919 991 1027 1053 animo
1050 1003 1110 1052 est.

284 1089 455 1174 Expositis
479 1092 658 1182 generatim
682 1090 733 1152 his
759 1089 926 1169 omuibus,
955 1113 1038 1177 quae
1062 1113 1102 1154 eo
1128 1104 1306 1178 spectant,

181 1203 218 1254 ut
254 1191 475 1254 contrahendo
516 1203 549 1254 et
587 1188 793 1255 excludendo
832 1207 1019 1279 parceretur
1060 1193 1134 1258 loco
1174 1207 1210 1257 et
1253 1198 1304 1258 sic
1349 1219 1350 1224 ¹

96 1365 100 1378 „
180 1290 256 1378 plus
302 1289 521 1384 acquireretur
567 1296 689 1377 spatii,
738 1295 824 1380 quod
872 1295 913 1360 ad
958 1293 1128 1367 meliorem
1177 1310 1301 1360 tracta-
1349 1283 1350 1360 l

181 1397 304 1458 tionem
344 1394 526 1480 plantarum
563 1417 641 1458 rere
685 1397 886 1462 diversarum
921 1411 953 1461 et
982 1398 1211 1484 indigenarum
1248 1419 1300 1462 sa·

179 1499 224 1562 tis
263 1511 369 1575 esset,
405 1499 475 1580 jam
510 1498 551 1560 ad
584 1496 667 1562 hauc
695 1501 925 1564 tractationem
959 1497 1188 1586 explicandam
1221 1523 1297 1586 pro·
1349 1543 1350 1546 =

178 1602 255 1686 pius
281 1601 474 1663 accedimus.
526 1597 720 1684 Priusquam
742 1613 850 1666 tamen
876 1621 916 1664 eo
941 1622 1045 1688 usque
1068 1602 1296 1686 procedamus,

179 1704 359 1788 generatim
382 1703 546 1787 inquirere
568 1698 686 1776 liceat,
715 1715 874 1795 quatenus
898 1703 1100 1768 restituenda
1125 1706 1192 1769 sint
1215 1705 1296 1781 Lin-

178 1806 244 1868 nrei
270 1805 420 1879 nomina,
450 1804 599 1888 inprimis
625 1801 796 1888 specifica,
824 1805 924 1868 variis
951 1805 992 1868 de
1017 1808 1127 1870 causis
1151 1803 1207 1870 vel
1229 1808 1294 1872 for·

179 1925 241 1970 san
270 1907 379 1992 potius
401 1905 544 1968 fortuitis
571 1902 700 1969 ensibus
725 1917 801 1990 post
831 1907 902 1988 ejus
931 1919 1292 1994 temporapermutata.

178 2007 273 2074 Haec
302 2009 469 2094 inquisitio
504 2027 544 2101 eo
574 2007 678 2091 magis
705 2007 775 2090 jam
808 2011 994 2072 necessaria
1021 2010 1169 2090 videtur,
1206 2012 1288 2098 quod

180 2109 222 2174 de
262 2107 446 2174 nominibus
485 2107 666 2196 plantarum
706 2129 806 2195 saepe
848 2108 1145 2196 vulgatissimarum
1176 2118 1291 2201 agitur.

178 2211 307 2278 Primus
341 2209 424 2276 liber
455 2213 656 2277 Linnoeauus
686 2209 815 2299 plantas
849 2211 1001 2298 vulgares
1031 2235 1205 2280 recensens
1224 2216 1293 2283 ‚nit

179 2313 280 2380 Flora
305 2315 511 2400 Lapponica3
541 2327 682 2378 attamen
709 2333 746 2379 aa
771 2313 966 2400 completum
989 2315 1174 2384 herbarium
1193 2315 1290 2400 hujus

178 2429 287 2480 terrae
325 2437 391 2482 non
427 2413 548 2481 habere
584 2418 657 2501 ipse
687 2415 756 2480 sere
770 2429 926 2490 ··te,statur
956 2421 991 2482 iu
1014 2423 1223 2483 annotatione
1249 2419 1291 2482 ad
1349 2451 1350 2458 ι

177 2518 436 2586 Arundinem
460 2516 884 2602 Calamagrostidem‚
906 2517 963 2584 ubi
983 2521 1104 2586 indicat
1127 2543 1164 2583 se
1182 2523 1291 2586 sarias
1349 2517 1350 2552 ³

177 2619 307 2708 plantas
333 2620 524 2707 lapponicas
547 2620 729 2706 perdidisse
750 2623 787 2684 in
803 2634 973 2687 cataracta.
1009 2621 1131 2687 Postea
1153 2623 1188 2688 in
1206 2620 1290 2687 Hol-

176 2720 288 2790 landia
312 2723 434 2810 degens
467 2737 501 2787 et
521 2721 674 2809 Angliom
700 2721 903 2812 Galliamque
931 2726 1039 2791 subito
1064 2727 1200 2790 visitans
1225 2738 1287 2788 tam

177 2838 355 2911 occupatus
392 2825 455 2890 tuit
490 2828 526 2894 in
559 2826 738 2891 condendis
777 2825 954 2912 generibus
993 2839 1089 2914 atque
1120 2827 1287 2892 visitandis

176 2927 300 3006 hortis,
340 2941 377 2992 ut
408 2929 450 2992 ad
481 2931 609 3014 species
636 2941 834 3012 spontaneas
859 2930 955 2994 facile
979 2931 1206 3015 permutandae
1232 2951 1286 3017 pa-

176 3051 249 3096 rum
280 3031 469 3096 attenderet.
529 3030 616 3095 Dein
644 3029 817 3096 Professor
844 3027 1052 3116 Upsaliensis
1076 3031 1199 3111 iactus,
1229 3054 1285 3122 per

176 3133 314 3198 Sveciac
345 3134 530 3219 provincias
562 3136 754 3200 remotiores
787 3137 905 3198 itinera
931 3135 1072 3212 faciens,
1107 3133 1284 3201 herbarium

176 3255 274 3301 suum
299 3239 462 3302 svecicum
483 3239 674 3322 praecipue,
702 3250 738 3300 ut
759 3237 939 3314 credimus,
962 3237 1124 3327 condidit3
1152 3251 1283 3303 attamen
1349 3285 1350 3296 ,

176 3336 328 3426 neglexit
359 3341 394 3402 in
422 3337 509 3403 idem
537 3338 666 3426 plantas
694 3341 803 3404 varias
830 3339 915 3404 auca
940 3334 1111 3426 Upsaliam
1135 3339 1283 3426 vulgatis-

176 3443 277 3507 simae
308 3441 524 3508 introducere.
577 3441 633 3508 Sic
658 3444 778 3508 scimus
798 3441 828 3524 ⁸²)
851 3441 957 3524 ipsam
982 3461 1075 3506 suam
1100 3439 1281 3507 Alsinem

160 3543 346 3612 'mediam
374 3543 588 3612 desideratam
613 3546 725 3609 fidere.
768 3540 922 3630 Denique
949 3563 1065 3608 versas
1091 3555 1279 3611 senectutem

176 3667 199 3711 a
233 3643 401 3733 discipulis
434 3650 505 3712 suis
539 3669 599 3733 per
635 3661 740 3712 terras
768 3645 971 3710 -remotiores
1008 3643 1278 3734 peregrinantibus

176 3750 302 3836 aceepit
333 3751 424 3818 varia
448 3751 628 3838 specimina
653 3745 845 3825 herbarum,
875 3767 958 3833 qnae
991 3747 1156 3814 inlocum
1176 3747 1278 3836 vulga
1349 3783 1350 3790 ι

174 3887 340 3917 ..nd——

220 3965 248 4054 l)
269 3979 309 4032 Ex
332 3970 641 4036 nenotenarsis
666 3969 739 4029 ont
761 3971 876 4037 Ναιιιν.
900 3969 944 4031 ed.
968 3972 1077 4034 Giseke
1099 3999 1126 4050 p.
1146 3977 1245 4058 Μ,
1319 4003 1322 4010 ’
