2708 4682
233 334 237 347 ⁵
296 379 834 473 ooserrerus'rrasrr
1008 375 1125 432 marr

13 571 250 662 ¹uodammod'o
286 573 434 659 ejusdem
453 575 560 662 ¹quasi
592 571 679 639 delta
711 555 914 660 respiciehde
941 576 1002 652 sit,
1046 597 1122 646 nam

13 683 81 743 ine
113 673 177 740 hac
193 677 297 741 “terre
331 676 440 740 forsan
464 676 583 741 insulis
606 674 756 742 Alaudite
769 679 884 764 *magis
906 675 1021 742 similis
1041 679 1123 744 suis-

15 793 69 849 et.
125 777 231 865 Regio
261 777 411 860 lacustris
439 779 575 844 inferior
605 777 813 846 Daleearliae
848 780 945 842 etiam
976 777 1123 866 superbit

13 883 194 949 iconito
219 877 253 948 N
259 880 419 968 apello,
452 882 736 972 quod'regiormm
760 879 989 946 australiorum
1010 888 1122 968 potius

13 991 106 1072 [uam
141 983 441 1106 septentrionalium
475 996 526 1050 est
558 984 678 1052 incola
738 983 794 1051 sio
829 985 939 1050 omnin
969 983 1052 1053 haee
1083 993 1126 1052 se'

13 1091 125 1152 airum
152 1081 187 1150 in
208 1089 340 1152 medum
361 1077 515 1208 jungunt

111 1185 273 1254 Venimus
298 1199 426 1276 quoque
452 1193 523 1276 jam
548 1193 728 1276 generatim
756 1159 798 1258 ad
820 1193 925 1280 magis
948 1165 1122 1280 complica·
1147 1241 1158 1256 .

13 1315 57 1356 as
85 1293 397 1370 considerationes,
421 1290 479 1355 uhi
504 1292 684 1358 divisiones
712 1295 809 1358 etiam
834 1297 938 1380 magis
964 1294 1120 1382 multipli-

13 1415 61 1458 :es
88 1398 277 1460 necessario
300 1391 459 1459 oriuntur.
488 1389 595 1458 Nobis
610 1408 757 1459 naturam
772 1396 1001 1483 quaerentibus
1015 1400 1120 1486 magis
1159 1421 1173 1454 ι·

13 1499 173 1580 mevenit,
200 1509 237 1560 ut
260 1497 439 1560 divisiones
466 1507 500 1559 et
524 1489 803 1562 denominationes
825 1499 1017 1585 antiquioris
1041 1503 1121 1587 geo'·

13 1601 176 1686 graphiae,
200 1601 285 1663 siout
308 1620 364 1664 ex.
381 1620 430 1684 gr.
447 1599 482 1662 in
497 1593 684 1664 Tunelds
701 1598 947 1688 Geographi
969 1605 1120 1696 proposi·
1225 1643 1239 1670 ι

14 1725 68 1778 aS,
86 1721 261 1790 sequamur
276 1699 321 1784 (et
337 1702 408 1784 ejus
422 1703 554 1765 nomina
569 1723 708 1766 svesana
724 1705 759 1766 in
774 1703 961 1790 parenthesi
976 1705 1120 1789 adpona-
1176 1753 1180 1764 .

13 1795 106 1889 nus),
135 1825 229 1891 quam
249 1813 283 1865 ut
296 1805 786 1890 recentissimas,dispositiones
802 1807 976 1883 statistieas
990 1804 1118 1892 (quales

15 1929 39 1969 ιι
65 1903 301 1991 Djurbergs
323 1903 565 1992 Geographi
583 1906 713 1992 adsunt)
728 1909 939 1992 accipiamus3
965 1927 1117 1998 neroque

13 2008 83 2071 llae
114 2009 312 2102 antiquiores
346 2021 385 2071 eo
418 2007 515 2072 etiam
545 2011 733 2073 necessario
766 2021 902 2074 netrrrae
926 2013 1117 2096 propiores,

13 2114 81 2197 pria
114 2131 268 2175 successu
299 2111 455 2196 temporis
487 2113 614 2173 omnes'
629 2111 851 2177 institutiones
879 2108 993 2191 civiles
1012 2117 1116 2200 magis

13 2226 156 2278 »orentes
191 2223 366 2277 evaserunt
393 2211 475 2272 adeo
502 2219 538 2272 ut
566 2223 699 2275 naturae
726 2209 846 2280 limites
871 2215 1118 2280 transscendere

13 2315 133 2379 Ιιιοίὶὶιιι
158 2315 354 2399 potuissent.
407 2307 496 2388 Quin
529 2325 636 2378 autem
667 2315 771 2401 magis
799 2311 963 2380 naturales
989 2304 1117 2382 eohrdi·

13 2419 159 2496 rationes
194 2418 229 2480 in
257 2414 377 2502 lingva
411 2427 443 2478 et
473 2413 617 2492 moribus
652 2416 831 2482 ineolumm
861 2415 965 2482 adhue
989 2439 1116 2504 perme·
1143 2429 1146 2436 '
1236 2419 1241 2429 ’

13 2533 85 2582 rent
125 2531 156 2582 et
200 2519 380 2602 dirotissime
413 2517 667 2604 permanebunt,
716 2499 841 2584 nu'llum
880 2530 931 2583 est
964 2519 1115 2603 dubium

13 2644 99 2687 remo
118 2625 236 2710 itaque
263 2622 382 2699 credat,
407 2643 469 2686 nes
487 2620 541 2686 hie
562 2625 681 2720 rnortui
705 2597 780 2710 quid
805 2623 1010 2688 resuscitare.

13 2831 96 2892 sima
121 2850 197 2914 pars
222 2827 327 2912 regni,
353 2825 540 2890 dividitur
531 2831 619 2891 ml.
634 2827 786 2894 Sveeia
808 2847 880 2914 per
899 2847 963 2908 se,
988 2833 1025 2894 2
1040 2823 1116 2896 Ge-

13 2929 92 2994 hia
126 2951 275 2995 versus
310 2931 532 3010 orientem,
576 2933 610 2995 3.
633 2927 788 3002 Gothia
820 2948 967 2996 versus
1000 2935 1113 3000 oeci.

13 3027 165 3098 lentem
196 3044 229 3096 et
257 3033 292 3098 4.
316 3029 471 3097 Gothia
497 3052 643 3099 versus
670 3031 895 3098 meridiem.

15 3187 19 3194 .
109 3139 142 3222 1)
171 3133 320 3200 Sv‘eeia
343 3157 417 3220 per
467 3156 485 3197 e
517 3135 798 3220 (ffiroterldnb
828 3131 889 3218 {dt
914 3129 968 3221 [lg
993 3135 1111 3224 litii)

13 3261 103 3326 squas
140 3257 217 3302 suas
248 3255 361 3301 omnes
396 3239 430 3300 in
459 3257 547 3300 mare
578 3231 735 3300 orientale
768 3232 808 3298 ad
837 3233 1111 3316 Stookholmiam,

13 3345 79 3405 rinc
109 3343 206 3406 etiam
239 3350 390 3425 respectu
419 3359 581 3444 equarum
607 3339 689 3400 sieut
717 3341 980 3405 eotnmeroiarum
1007 3341 1112 3426 magis

13 3447 164 3530 insignem
188 3433 283 3530 quiam
301 3437 447 3527 regionis
466 3417 628 3530 terresiris
647 3439 813 3521 eujusdam
833 3441 995 3526 propriae,
1021 3445 1112 3508 eruit·

13 3547 62 3619 lit3
84 3545 137 3611 ubi
160 3559 303 3612 ceterum
329 3542 372 3608 ob
397 3545 685 3630 regurgitationem
712 3540 913 3608 subitaneam
935 3545 1035 3608 totius
1058 3567 1112 3630 sy·

13 3649 149 3712 sternatis
182 3668 335 3735 aquarum
367 3649 465 3710 maris
494 3642 661 3709 orientalis
693 3662 791 3730 supra
812 3644 986 3710 indicatam
1013 3647 1111 3712 etism

13 3751 127 3814 intrent
157 3747 285 3833 plantae
317 3746 478 3814 litterales
512 3769 567 3814 ex.
596 3769 644 3835 gr
666 3745 905 3814 Trifolium
933 3747 1112 3836 fragile-

13 3873 49 3916 ιιι
59 3873 108 3926 ιιι,
134 3848 187 3916 vel
212 3849 318 3916 saltim
341 3854 407 3914 oris
436 3843 603 3918 maritimis
628 3849 923 3938 aliaspertinentes
948 3865 983 3919 ut
1004 3849 1112 3914 Cou-

13 3935 205 4038 rolvulrls
226 3955 403 4040 sepium,
434 3957 514 4021 adeo
542 3968 575 4020 ut
597 3954 668 4020 heic
695 3957 792 4022 etiam
817 3955 959 4022 esiodus
975 3945 1110 4020 reatui·-
