2708 4682
214 385 313 444 xxm
428 381 429 384 ’
483 361 831 462 {conseruerat
884 389 1078 435 ιιιιιιιι-

213 581 310 646 modo
338 580 521 666 coincidit)‚
560 581 664 668 magis
695 580 844 643 ticinusve
869 587 1014 640 remotus
1045 573 1171 651 evadit,
1191 619 1195 629 ·
1212 590 1247 641 et

172 740 190 752 ,.
213 692 341 773 quoque
372 685 524 770 regiones
558 674 730 748 inferiores
757 681 862 768 magis
887 683 1066 744 maritimae
1093 682 1317 777 cenvenient

92 787 95 796 ’
179 807 184 837 ¹
212 801 346 851 naturae
372 784 545 850 dilatantur
566 783 619 850 vel
643 796 866 870 angustantur.

297 882 524 975 ,Regiones
559 885 791 952 ini'eriores
827 881 958 971 magis
1000 887 1237 950 maritimae
1278 885 1340 947 vet

209 989 370 1056 litterales
397 991 438 1054 ad
463 1003 566 1055 totum
595 993 703 1054 sinum
723 987 908 1062 Bottrdcnm
932 984 1043 1051 latiori
1070 1009 1172 1058 sensu
1198 989 1248 1072 (et
1263 1011 1330 1050 rna

210 1083 245 1156 r⁷e
277 1091 461 1158 Bottnicum
490 1115 549 1178 per
566 1079 608 1156 'se
630 1095 726 1156 etiam
752 1081 949 1174 includente)
977 1093 1081 1183 sitae,¹
1106 1112 1175 1154 nou
1200 1105 1328 1155 tantu·

209 1197 295 1260 dicto
328 1193 424 1260 modo
457 1193 627 1264 latitudine
654 1197 740 1259 inter
768 1215 806 1259 se
832 1194 1002 1272 differunt,
1037 1193 1111 1270 sed,
1136 1191 1197 1256 ubi
1217 1197 1331 1276 termi-

209 1319 271 1360 nus
295 1295 446 1362 lacustris
473 1301 517 1362 iis
541 1297 594 1362 vel
619 1300 729 1384 potius
748 1297 830 1362 mari
852 1296 998 1382 propior,
1025 1293 1073 1359 ibi
1098 1297 1196 1370 etiam
1219 1301 1329 1380 magis

208 1414 378 1464 montosae
411 1400 562 1465 evadunt.
629 1399 684 1464 Sic
720 1395 971 1464 Vestrobottnie
1004 1399 1149 1461 omnium
1179 1401 1328 1461 maxirne

56 1557 64 1568 .
148 1570 156 1581 ,
209 1505 398 1588 campestris
427 1515 460 1566 ιι
482 1524 581 1588 saepe
598 1505 690 1588 quasi
710 1499 873 1566 alluvialis
894 1513 954 1578 est,
983 1521 1054 1563 cum
1070 1514 1184 1564 contra
1198 1499 1342 1578 Medd-t

111 1615 116 1633 ¹
207 1605 303 1692 padia
329 1607 422 1692 quari
446 1606 610 1689 particeps
635 1603 720 1670 iacto
741 1606 784 1669 sit
807 1603 966 1666 montium
988 1601 1028 1666 ad
1045 1605 1218 1668 terminum
1237 1603 1329 1665 lacu-

208 1721 308 1772 strern
332 1703 548 1770 Jemtiandiae
571 1703 808 1796 quodammodo
827 1705 1059 1791 pertinentium
1076 1725 1137 1768 nec
1154 1726 1220 1768 non
1237 1708 1342 1788 ojus-t

208 1811 281 1874 dem
312 1803 495 1892 plantarum
523 1823 559 1872 ιιι
589 1805 761 1872 Aconiti
792 1806 1064 1889 Lycoctoni,
1085 1804 1342 1880 Polemonii÷

207 1909 388 1976 caerulei.
448 1907 533 1973 Sunt
566 1930 695 1996 quoque
729 1907 812 1974 aliae
841 1907 1047 1972 diversitates
1067 1911 1163 1972 -inter
1182 1907 1342 1976 Vestro-¹

120 2005 122 2013 ¹
206 2012 365 2078 bottniam
391 2022 423 2075 et
443 2008 672 2077 Norrlandiem
699 2008 831 2098 proprie
858 2011 905 2074 sic
922 2011 1064 2100 *dictam3
1102 2013 1136 2089 in
1163 1997 1223 2076 hac
1249 2011 1326 2075 scil.

206 2117 353 2180 crescere
386 2111 539 2179 desinunt
571 2110 738 2180 Drabellae
765 2097 1103 2197 (ultramarinae)
1135 2125 1166 2176 et
1189 2115 1342 2202 quidem¹

147 2219 151 2226 '
206 2218 346 2304 denique
374 2214 509 2282 floribus
534 2215 634 2304 iuteis
661 2219 883 2294 instruuntur,
912 2217 995 2278 sicut
1016 2213 1137 2306 Drobeta
1155 2235 1327 2299 perennes

207 2324 302 2386 etiem
331 2317 372 2382 ad
396 2339 537 2383 summas
567 2318 691 2405 glacies
717 2316 838 2402 alpium
867 2315 1003 2381 floribus
1031 2308 1139 2382 luteis
1150 2315 1326 2380 finiuntur.

205 2459 257 2470 -
283 2421 411 2486 Dantur
437 2440 565 2508 quoque
592 2421 805 2504 exceptiones
835 2419 1058 2504 impraedicta
1084 2419 1325 2506 dispositione,

206 2537 411 2608 ceterumque
437 2524 530 2585 varia
552 2518 765 2585 observanda.
816 2520 883 2585 Ex.
905 2543 954 2606 gr.
981 2519 1119 2586 Flumen
1140 2525 1322 2597 unexinrurn

204 2615 499 2714 Angerm'annicum
526 2621 672 2708 longiori
704 2622 802 2686 ductu
832 2622 919 2688 inira
946 2621 1038 2714 lacus
1068 2627 1211 2688 minores
1243 2645 1323 2710 ¹per·

204 2730 332 2792 ducitur
369 2727 488 2792 etsie
520 2717 646 2790 insulas
677 2721 852 2789 fluviatiles
887 2725 1085 2804 conformat,
1118 2728 1154 2790 in
1182 2748 1323 2814 qrrarurn

202 2829 316 2916 glarea
349 2825 551 2892 Tamarix‘
580 2830 823 2914 germanica
854 2828 924 2893 fere
956 2827 1176 2918 sola','.eique
1203 2808 1324 2892 conso-

131 2928 133 2936 ’
203 2933 287 3002 ciata
319 2927 443 2995 Selix
476 2927 738 3017 amygdalina
769 2942 830 2995 etc.
867 2967 919 2978 -
955 2930 1097 2995 Exsistit
1127 2951 1258 3020 quoque
1285 2934 1321 2994 in

202 3033 379 3120 Helsingia
410 3033 503 3120 quasi
539 3033 634 3118 regio
663 3029 815 3097 lacustris
846 3054 945 3120 supra
971 3031 1081 3097 littora
1106 3036 1207 3120 maris
1231 3036 1323 3098 circe

201 3133 294 3201 lacus
318 3134 395 3199 illos
419 3131 539 3199 Dellen
562 3146 623 3198 ιιι.
652 3135 724 3200 sita.
960 3209 964 3215 ¹
1196 3204 1198 3212 ¹

224 3313 241 3326 „
263 3229 277 3259 ³
303 3235 356 3303 De
391 3235 634 3300 Dalecarlia
667 3235 905 3305 observandum
935 3237 1082 3318 videtur,
1127 3239 1216 3326 quod
1247 3240 1342 3323 jorn*

201 3343 250 3424 (in
276 3353 361 3404 statu
384 3339 563 3426 praesenti)
591 3349 703 3403 nostro
729 3338 827 3405 sensd
854 3341 895 3405 ad
916 3337 1147 3406 Norrlandiem
1162 3343 1320 3428 pertinet,

199 3456 314 3528 utpote
341 3461 423 3528 quae
454 3443 489 3505 in
511 3435 810 3508 mare'Bottnicum
835 3463 911 3506 suas
936 3463 1037 3530 aquas
1066 3442 1220 3522 effundit3
1257 3445 1320 3508 sed

201 3549 276 3610 ante
298 3542 466 3608 hominum
490 3543 663 3608 adventum
686 3565 786 3632 aquas
812 3563 890 3608 sues
917 3547 988 3610 sine
1009 3537 1107 3609 dubio
1134 3545 1208 3611 lacu
1235 3543 1319 3610 Mae-

199 3645 262 3712 leri
292 3645 397 3723 dedit,
433 3657 466 3709 et
488 3647 563 3710 ideo
589 3667 689 3711 sensu
714 3646 855 3712 naturali
882 3648 966 3712 sicut
987 3645 1124 3733 politico
1151 3647 1317 3712 Sveciae

198 3770 273 3836 per
307 3769 350 3812 se
382 3749 485 3834 magis
508 3751 674 3835 pertinuit.
736 3747 927 3815 Oscillando
959 3751 1043 3814 inter
1067 3749 1174 3815 lacum
1200 3747 1318 3815 Mecla-

196 3873 257 3916 ren
302 3845 337 3940 Ιιι
380 3871 468 3916 mare
512 3849 699 3918 Bottnicum
736 3851 856 3918 flumen
899 3849 1138 3940 Dalecarlicum
1185 3874 1316 3942 quoque

198 3951 381 4040 Uplsndiae
434 3952 517 4020 adeo
551 3967 681 4022 ,ιιιιιιιιι
729 3953 898 4042 deposuit,
940 3967 977 4019 ut
1022 3953 1104 4021 haec
1144 3958 1315 4044 provincia
