2708 4682
299 376 638 430 GONNAEG'P‘U!
688 377 839 426 Milli!
1045 373 1124 425 xm
1209 373 1211 378 ’
1264 375 1275 396 l

105 559 247 650 Alpes
275 559 472 652 reliquas
499 563 750 643 humiliores
783 584 844 649 per
868 563 1024 648 ruaJorenr
1049 581 1124 646 par·-

7 689 62 734 rm
106 669 250 732 aestatis
287 671 363 733 aive
393 680 557 746 carentes,
591 666 786 754 praesertim
816 661 932 732 iersus
963 685 1125 728 summurn

7 772 294 856 septentrionem,
337 767 393 835 nbi
433 767 484 834 sol
514 770 705 846 inocciduus
744 782 813 846 cst,
850 770 993 832 siccitate
1026 767 1127 830 nimia

7 859 182 947 abor-ant,
209 893 304 956 quam
332 869 374 935 ob
397 893 527 935 causam
545 869 716 937 staticulos
742 869 864 939 habent
888 868 952 934 sibi
972 870 1126 954 proprios

8 973 73 1038 cil.
105 972 347 1038 Andrornedas.
406 971 572 1059 Regiones
604 972 790 1038 consimiles
823 971 864 1036 ab
891 969 1042 1037 omnibus
1071 991 1125 1033 ca-

7 1074 194 1138 uurinibus
229 1075 351 1160 alpium
388 1074 539 1152 altiorum
569 1079 673 1162 magis
705 1075 840 1139 dissitas
872 1075 951 1140 iude
977 1073 1126 1156 accipere

7 1178 161 1240 identat·
186 1176 328 1241 calorern
354 1175 406 1240 lris
431 1176 514 1242 locis
529 1177 737 1261 peculiarem,
762 1195 826 1264 quo
841 1180 878 1240 in
893 1171 1127 1240 elevationibus

7 1264 330 1361 traximc‚odoraus
361 1277 625 1343 Hierochloa
649 1277 812 1363 alpina,
845 1279 886 1342 ad
909 1277 1126 1342 lateramoa-
1186 1335 1192 1352 x

7 1383 89 1477 iarn·
110 1379 249 1445 Phaca
273 1382 432 1468 frigida
461 1380 598 1465 gaudet,
632 1401 714 1466 quae
735 1379 857 1464 alpium
877 1378 1027 1444 altionrnr
1045 1378 1125 1442 vici-

7 1485 92 1546 rianr
128 1483 270 1568 lugiunt.
329 1481 434 1567 Alpes
465 1480 655 1546 humiliores
688 1484 861 1546 continuae
891 1484 1056 1548 exsistunt
1084 1479 1125 1544 ab

7 1585 121 1648 ultima
161 1583 352 1652 Finmarkia
387 1585 522 1670 ejusque
550 1581 714 1668 NordCap
748 1595 782 1646 et
814 1582 926 1648 Vard'd
962 1584 1125 1668 usquein

7 1685 231 1752 Jalecarliartr
249 1687 348 1769 juxta
373 1680 582 1750 Transtrand.
634 1684 741 1770 Prope
764 1696 935 1770 atrumque
951 1683 1051 1748 finem
1066 1681 1128 1747 hu'-
1229 1763 1231 1770 Ι

7 1795 60 1870 las
85 1801 222 1852 catenae
247 1789 352 1873 magis
374 1790 516 1872 separati
538 1801 666 1852 montes
692 1786 793 1871 alpini
819 1787 953 1866 adsunt,
977 1799 1013 1850 ut
1031 1785 1127 1852 Stad-

7 1893 64 1974 ian
97 1886 311 1980 Dalooarliae,
347 1891 384 1954 in
416 1887 533 1976 quibus
573 1889 732 1954 Juacus
765 1879 943 1954 trifidus
976 1903 1038 1953 etc.
1070 1909 1126 1954 su-

7 2005 155 2078 persunt.
452 2054 455 2067 ,

110 2093 245 2180 Regio
277 2092 504 2179 subalpina
530 2091 707 2178 (Betulina)
740 2091 821 2158 solis
848 2090 975 2158 Betulis
999 2096 1125 2160 consita

7 2201 42 2262 ia
73 2199 219 2262 maxirnc
247 2193 559 2280 septentrionalibus
584 2195 784 2278 Lappoaiis‚
813 2193 870 2259 abi
892 2195 982 2280 alpes
1004 2198 1039 2259 iu
1057 2195 1125 2280 pla-

7 2302 126 2364 nitiem
154 2298 260 2382 magis
289 2299 411 2360 sensim
437 2294 573 2374 abeunt,
608 2293 702 2362 valde
726 2297 866 2382 insignis
889 2295 943 2362 vel
969 2296 1036 2360 lota
1058 2306 1126 2374 est,

7 2421 74 2464 aco
113 2421 179 2464 non
218 2392 351 2484 propter
383 2399 562 2464 siccitatem
597 2395 660 2461 soli
691 2397 913 2486 delectumque
946 2397 1127 2464 incolarum

9 2493 390 2590 proprioDesertuln
415 2497 890 2586 Lapponiae'ibidiccada.
932 2499 1124 2588 Sicex.gr.
1236 2523 1238 2528 ·

9 2606 168 2688 majorem
200 2615 324 2688 partera
353 2605 527 2688 paroeciae
553 2600 763 2669 Kuutolseino
792 2605 977 2678 constituit;
1014 2601 1125 2690 ibique

12 2705 882 2794 Airamatropurpureamloptimamtlgignit.
935 2703 1001 2769 Sed
1021 2725 1127 2791 prope
1186 2696 1192 2714 ⁸

14 2807 136 2893 alpium
162 2809 281 2894 jugum
314 2805 506 2872 altissimum
534 2803 637 2870 latera
665 2805 784 2891 alpiurn
817 2820 941 2870 tantum
967 2827 1126 2893 occuparo
1225 2812 1228 2820 “

15 2911 142 2976 videtur
166 2921 198 2973 et
222 2911 270 2974 sic
296 2929 425 2997 quoquc
451 2911 550 2974 etiarn
579 2919 621 2973 ad
644 2905 735 2994 alpes
759 2906 1042 2974 meridioiraliores
1068 2929 1127 2994 pa·

15 3035 87 3078 nun
109 3013 256 3098 insignis.

117 3112 247 3200 Regio
290 3105 586 3199 subsyl'vatica
624 3111 728 3180 Pina
761 3111 969 3198 sylvestri
1001 3124 1125 3180 tautum

17 3217 159 3306 gaudens
191 3217 289 3282 etiam
314 3218 419 3305 magis
441 3216 624 3304 Lappouiis
646 3219 789 3282 maximo
812 3213 1122 3304 septentrionalibus

19 3361 177 3380 ψ

65 3437 167 3514 *lsrib
188 3444 274 3500 colore
294 3461 342 3500 sno
368 3443 552 3518 atroparp'urso
574 3440 670 3514 optime
693 3439 833 3509 imbutuuj
857 3443 902 3512 qul
924 3443 957 3496 arl
977 3441 1047 3514 alpes
1065 3461 1125 3498 me-

103 3533 272 3587 ridionaliores
298 3535 379 3599 magis
403 3536 536 3588 caraem.
580 3532 776 3588 Obssraauiraus
794 3549 895 3600 quassae
915 3527 1126 3584 Airuratle-

103 3633 245 3672 suoram
268 3621 296 3672 ia
313 3621 354 3672 bis
373 3619 518 3688 regionibus
541 3619 681 3694 subalpinis
703 3617 834 3672 latioribus
855 3619 966 3670 maxime
987 3621 1127 3672 solorstsra

105 3719 163 3770 csse,
195 3721 259 3774 quas
284 3708 307 3768 β
333 3719 497 3760 montana
525 3701 687 3759 Hartman
723 3697 789 3758 Vet.
809 3696 868 3756 Ac.
889 3698 1009 3756 Haadl.
1036 3697 1126 3756 1818.

104 3801 133 3860 p·
147 3785 211 3844 036.
227 3788 296 3865 15).
307 3807 353 3845 est.
383 3794 469 3848 Eu'sm
489 3779 652 3860 signastis
675 3791 780 3842 rubra
800 3791 1000 3857 iahacrsgioue
1014 3791 1126 3844 raaxirns

107 3878 209 3930 colorata
228 3881 358 3948 repetitum
384 3905 417 3918 ·-·
448 3881 545 3938 &atra
564 3880 592 3930 in
615 3877 723 3930 tumis
746 3879 844 3946 alpibus
866 3877 992 3930 nivalibus
1011 3879 1125 3944 mantiam
1149 3877 1154 3893 “

64 3957 69 4024 ,’
105 3963 239 4017 sdrnodurn
248 3967 386 4031 albescunt,
398 3967 552 4036 usquedum
563 3961 727 4030 Arroni·
741 3965 859 4031 algida
875 3963 1024 4016 omuinrotlo
1035 3967 1125 4032 alprat.
