2690 4684
396 202 664 272 uouoetutn.
906 207 965 269 tr!
1038 220 1043 235 “

5 397 60 462 per
79 368 463 450 minoree‚.ludit‘ssitins
476 371 515 432 in
537 369 575 432 E.
594 371 796 454 pubescente.
839 372 1047 438 Potissimum

2 461 189 540 distinguam
222 452 313 516 ceule
343 453 382 516 nd
405 451 496 513 busin
526 464 633 516 erecto
660 455 690 512 in
709 449 748 510 E.
776 451 918 529 hirsuto,
938 456 1047 518 radice

2 551 145 624 repente3
156 557 248 600 -cum
262 537 296 596 in
318 536 355 599 Ε.
374 535 576 618 pubescente,
595 536 725 596 caudice
740 535 927 594 intermedio
940 556 1048 610 euser-

4 646 43 694 so,
70 622 159 684 redis
182 620 313 695 throco,
336 615 435 680 caulis
465 615 532 678 basi
556 619 748 684 adscendens
765 617 919 680 redicens.
933 653 972 664 -
986 617 1048 678 Cui

2 705 243 767 adscribendum
272 695 394 783 Epilob.
414 697 577 780 glabrum,
607 718 719 781 crugero
742 697 825 786 flore
858 689 894 758 dt
915 699 1048 780 specioso

1 787 93 850 Lech.
117 786 212 848 dcun.
239 805 271 866 p.
298 805 314 860 7
340 783 412 864 (ipsi
433 781 470 847 Ε.
495 781 611 844 hirsuti
633 784 781 862 varietas)
806 782 947 844 nondum
970 791 1065 844 eon-¹

2 881 70 932 stet.
111 867 165 932 «bd
187 865 272 930 bitte
295 866 419 926 trustra
440 868 579 948 quesivi.

78 965 152 1032 obs.
174 989 201 1029 s.
246 962 366 1046 Epitot.
397 965 449 1026 vir
471 969 557 1026 ntum
580 965 667 1026 Loro.
687 961 825 1046 Spresg.
848 961 935 1048 Syos.
958 964 1005 1030 II.
1017 985 1051 1050 p.

6 1055 69 1116 233.
91 1049 143 1128 (E.
167 1047 379 1114 lencenistum
405 981 525 1110 Sedent.
549 1066 590 1112 ex
611 1047 761 1128 Sprssg.)
777 1052 808 1109 in
828 1049 1050 1110 nostrsmfor-

2 1155 82 1196 mem
99 1133 138 1213 b)
163 1133 294 1194 omnino
314 1129 474 1212 quadrat,
504 1147 562 1190 nec
594 1132 676 1191 uitus
706 1127 903 1191 characteres
934 1131 1051 1192 distin-

5 1219 99 1280 ctivos
120 1215 223 1280 offert.
253 1247 294 1260 -
325 1211 380 1274 Ob
410 1211 535 1274 caulem
558 1221 690 1274 teretem
713 1213 910 1294 adsequens
933 1211 1050 1278 sererrt

6 1321 61 1362 oon
126 1307 206 1364 test..

11 1320 381 1494 rsupbPILOBIUM
411 1418 591 1514 virgarum,
635 1411 920 1514 subpubescens,
947 1415 1050 1490 caule

48 1516 348 1616 tereti-anguloso
372 1513 452 1588 bosi
490 1513 760 1606 adscendente,
794 1516 892 1592 soliis
916 1518 1052 1594 sessili-

48 1620 117 1694 bus
150 1617 362 1696 lnuoeolstis
398 1616 555 1690 dentatis
588 1620 728 1716 opacis,
775 1620 944 1718 stigmate
987 1619 1051 1692 de-

49 1745 152 1796 mum
175 1717 390 1818 quadrifido.
419 1721 514 1791 Friss
536 1723 628 1792 Hau.
646 1745 683 1814 p.
713 1719 773 1793 66.
805 1721 933 1813 Noto!
961 1723 1049 1796 Nou.

43 1851 82 1920 p.
109 1823 153 1918 41
184 1821 268 1910 (uon
301 1823 437 1920 Spreng.
465 1823 553 1920 Syst.
581 1826 653 1894 vide
675 1827 807 1919 supra).

78 1941 122 2015 E.
149 1938 311 2040 palustre
337 1937 377 2030 β.
408 1939 600 2038 virgstusn.
629 1935 1049 2038 Hortm.Srand.p.158.

76 2059 130 2134 Ε.
150 2069 391 2156 tetragonum.
419 2057 548 2132 Wattb.
569 2059 667 2130 Goth.
691 2082 729 2150 p.
752 2055 811 2146 do.
839 2089 875 2135 u.
899 2057 939 2148 β.
961 2085 1000 2152 γ.

81 2175 125 2250 Ε.
152 2189 392 2272 tetragonum.
429 2175 593 2248 Wobicsrb.
624 2177 711 2248 Ssrec.
736 2199 770 2248 ss.
798 2155 882 2286 pud
910 2173 953 2264 β.
989 2202 1027 2270 γ.
1040 2211 1095 2282 rs*

110 2291 170 2368 Ad
195 2293 312 2364 fontes
354 2286 394 2363 bt
431 2291 667 2390 scaturigines
698 2291 738 2362 in
771 2291 972 2390 provinciis
995 2293 1053 2366 in-

50 2391 248 2484 terioribus
287 2395 613 2492 pineto-montanis
654 2417 687 2466 v.
720 2418 771 2490 gr.
810 2391 1070 2494 Smolaudiae„

50 2495 116 2568 ubi
149 2519 349 2594 numquam
378 2493 480 2594 prius
511 2495 627 2581 adest,
664 2493 728 2568 sed
760 2494 830 2568 hoe
863 2496 975 2572 etium
1012 2497 1054 2569 in

50 2597 179 2670 Scsnia
206 2621 240 2672 v.
268 2623 320 2694 gr.
347 2597 395 2668 ad
415 2597 555 2670 Retron.

85 2711 331 2772 Cborncteribus
363 2707 402 2774 E.
431 2719 604 2794 tetragono,
625 2707 739 2770 babitu
765 2703 963 2792 Eupatustrt
983 2731 1055 2772 mu·

8 2795 84 2856 xime
105 2793 237 2868 cecedit,
268 2813 377 2854 verum
401 2800 571 2878 postquam
593 2793 763 2856 observavi
784 2795 902 2874 stigma
926 2793 1056 2858 subau-
1123 2829 1128 2836 ·

8 2875 81 2942 thesi
103 2872 533 2974 qubdt'ipidstm'cutrt¹²priori
566 2875 765 2960 potissimum
800 2877 1057 2959 comperandum

9 2958 180 3036 ridentur3
207 2977 305 3030 emmo
331 2957 424 3022 focile
448 2957 567 3036 credas,
593 2956 679 3019 itlius
706 2977 772 3017 esse
796 2955 930 3018 formem
953 2961 986 3020 in
1028 2958 1056 3008 '-

10 3044 259 3105 neto-montonis
284 3051 415 3120 nstam3
437 3052 524 3104 certe
542 3039 646 3102 cerulis
661 3037 847 3116 directione,
864 3039 965 3104 herba
981 3061 1056 3186 pus

10 3128 111 3186 miuus
134 3126 326 3210 pubescente
359 3117 394 3186 &¹
425 3123 660 3204 giobriusculu‚
693 3119 857 3204 pediceliis
890 3121 980 3186 brevi
1007 3143 1056 3204 us,

11 3207 140 3270 floribus
162 3209 275 3268 erectis
295 3199 357 3268 dte.
390 3211 470 3268 mire
498 3209 714 3280 conventum
751 3205 947 3287 dignoscitur
972 3227 1057 3290 pre-

12 3293 99 3372 cipue
123 3287 260 3352 esuieo
324 3289 410 3352 ticiis
441 3290 688 3350 decurrentibus
709 3287 882 3368 anguloso,
908 3292 1056 3372 stigmate

13 3373 109 3454 dupio
129 3374 252 3434 minore
337 3373 439 3434 serius
461 3379 588 3431 tentum
611 3369 793 3452 quadrifido
825 3375 899 3450 (uec
919 3373 1056 3458 quadri-

12 3457 161 3538 partito);
193 3453 296 3538 pubes
334 3473 463 3537 qunque
486 3453 592 3514 rar-ior
623 3461 680 3513 est.
725 3451 845 3514 Utrum
877 3455 967 3519 codix
1001 3477 1058 3518 re·

11 3557 93 3618 pens,
121 3559 163 3598 an
192 3536 295 3597 caulis
315 3539 422 3633 potius
454 3533 523 3597 basi
550 3533 702 3618 obliquus
726 3537 869 3600 redicens
903 3539 1057 3600 dicendus

12 3623 41 3679 in
65 3617 201 3682 diversis
223 3617 396 3680 individuis
417 3617 614 3696 ambigitur3
650 3620 754 3680 nutius
784 3639 860 3680 vero
891 3618 1059 3706 protrudit

13 3705 134 3764 rosulas
159 3699 312 3764 soliorum
332 3702 502 3778 sterilium,
526 3721 597 3784 quae
609 3703 642 3764 in
658 3712 809 3784 sequente
825 3703 960 3784 insignes
972 3711 1057 3762 sunt.

14 3783 118 3846 Cauiis
143 3783 326 3863 fistulosus,
357 3797 498 3848 ceterum
521 3794 665 3861 erectus,
685 3783 817 3867 simplex
838 3796 896 3847 sut
915 3785 1058 3861 uirgato·

12 3886 162 3946 ramosus,
190 3867 432 3947 teretiuscuius,
463 3869 517 3932 sed
540 3866 705 3953 epetioiis
726 3865 971 3929 decurrentibus
993 3881 1058 3927 cce·
1129 3907 1131 3914 ›

14 3953 144 4029 stanter,
164 3947 242 4011 licet
264 3967 342 4028 vege
366 3949 550 4034 ungulatus,
571 3971 657 4013 nuuc
677 3954 771 4010 costis
790 3947 1057 4026 ddistinctis,sse-

14 4033 84 4112 ptus
109 4035 144 4098 tn
165 4051 185 4097 s
207 4026 444 4098 oonitmntittns
466 4050 596 4121 suceps,
617 4029 779 4118 digium,
801 4027 924 4118 psdstu
945 4023 981 4089 dc
1004 4028 1058 4094 ut·
1151 4075 1156 4082 .
